3892 5808
267 527 340 599 [207]
806 554 1020 596 couruummn
1508 531 1548 596 31

265 742 330 826 alii,
353 741 388 806 id
403 742 490 830 quod
507 765 602 828 saepe
620 742 767 829 audistis,
792 741 957 828 negabant
971 743 1159 808 mirandum
1175 765 1246 808 esse
1261 745 1312 808 ius
1328 754 1395 808 tam
1410 767 1550 831 nequam

265 871 338 914 esse
370 849 538 914 verrinum
562 848 617 936 (ex
640 849 794 935 ambiguo
819 849 965 936 dictum).
989 849 1146 917 Similiter
1176 850 1311 916 Plautus
1341 850 1476 937 iocatur,
1508 851 1549 917 of.

266 955 382 1021 Pseud.
407 957 471 1022 196
495 977 554 1043 sq.:
585 955 821 1042 Aeschrodora
851 967 888 1022 tu
915 979 997 1043 qnae
1028 959 1150 1022 amicos
1174 957 1234 1022 tibi
1264 957 1365 1023 habes
1396 957 1551 1024 lenonum

266 1062 409 1128 aemulos
429 1065 434 1144 Ι
455 1063 595 1149 Lemma,
629 1063 686 1150 qui
716 1065 794 1128 item
825 1073 861 1127 ut
895 1086 955 1128 nos
990 1064 1138 1150 iurandm
1173 1065 1245 1132 iure
1280 1063 1365 1129 malo
1389 1075 1550 1152 quaerunt

267 1192 337 1235 rem
356 1173 361 1256 l
381 1169 458 1234 audi
493 1181 553 1236 cet.
600 1172 696 1236 Poen.
733 1171 812 1237 586:
846 1169 942 1236 hodie
986 1171 1067 1235 iuris
1102 1181 1248 1237 coctores
1281 1193 1347 1236 non
1381 1183 1457 1236 sunt
1494 1173 1551 1258 qui

266 1277 340 1342 lites
382 1286 501 1342 creant.
539 1276 634 1364 Epid.
677 1279 755 1343 523:
798 1277 909 1363 legum
955 1288 1052 1364 atque
1093 1279 1202 1343 iurum
1251 1277 1352 1362 lictor,
1402 1278 1551 1343 conditor

267 1383 365 1467 cluet3
393 1383 435 1449 cf.
459 1385 565 1450 Varro
589 1385 630 1450 de
652 1407 689 1450 re
711 1395 791 1449 rust.
814 1385 876 1470 ΙΙΙ,
903 1387 952 1463 17,
975 1386 1010 1451 4:
1042 1384 1100 1450 hos
1131 1386 1237 1472 pisces
1267 1408 1363 1450 nemo
1394 1407 1493 1451 cocus
1516 1386 1550 1450 in

266 1491 317 1555 ius
340 1513 460 1557 vocare
483 1490 588 1556 audet.
1080 1499 1083 1508 '

372 1597 438 1665 Sed
461 1619 503 1662 ne
533 1599 606 1685 quis
637 1597 722 1664 forte
752 1598 944 1666 Ciceronem
976 1599 1011 1662 in
1034 1598 1102 1663 solo
1125 1599 1242 1664 Verris
1273 1599 1404 1664 nomine
1427 1599 1549 1665 dicaci-

264 1715 364 1770 tatem
381 1727 473 1769 suam
488 1705 675 1792 profudisse
690 1716 790 1792 putet,
811 1705 887 1771 ilico
903 1705 1126 1770 adnotandum
1150 1717 1199 1770 est
1219 1715 1379 1771 oratorem
1394 1728 1550 1793 persaepe

265 1812 441 1877 verborum
454 1811 563 1876 lusum
578 1835 740 1898 exercere,
763 1812 930 1878 interdum
942 1813 1041 1878 etiam
1056 1835 1075 1878 e
1091 1813 1290 1878 comicorum
1314 1812 1550 1879 consuetudine

265 1919 434 1983 nominum
464 1919 669 2007 propriorum
701 1919 909 2009 etymologiis
936 1919 1076 2005 studere,
1106 1930 1177 1984 tum
1200 1943 1327 2006 quoque
1354 1919 1551 2010 mythologi-

265 2048 378 2090 carum
401 2048 613 2111 personarum
640 2029 774 2091 nomina
796 2038 829 2092 et
852 2025 992 2114 epitheta
1015 2025 1058 2091 ad
1080 2027 1161 2092 vitia
1185 2048 1319 2090 suorum
1341 2027 1550 2092 inimicorum

267 2131 468 2219 designanda
499 2133 692 2200 adsciscere.
731 2133 781 2202 Ol.
804 2135 870 2200 Aa.
895 2136 923 2220 1,
948 2134 999 2218 16,
1030 2133 1156 2198 3nudi
1179 2135 1304 2220 equites
1334 2133 1459 2198 tribuni
1485 2156 1550 2198 non

265 2250 332 2304 tam
347 2241 451 2305 aerati
466 2263 572 2327 quam,
587 2251 624 2306 ut
639 2240 854 2328 appellantur,
870 2241 998 2305 aerarii.
1017 2242 1083 2307 Att.
1101 2243 1129 2326 1,
1147 2241 1199 2326 16,
1216 2241 1258 2306 10
1273 2262 1386 2326 regem
1402 2240 1548 2327 appellas

265 2369 365 2432 quum
395 2347 469 2412 Rex
498 2348 546 2412 tui
573 2349 774 2414 mentionem
804 2347 930 2414 nullam
961 2347 1084 2413 fecerit
1121 2349 1187 2413 Art.
1221 2348 1271 2433 13,
1301 2348 1354 2432 46,
1388 2351 1404 2412 1
1438 2347 1551 2413 Pollex

265 2453 406 2540 quidem,
437 2464 474 2518 ut
497 2453 626 2519 dixerat
648 2455 690 2519 ad
713 2454 788 2519 idus
816 2455 966 2540 Sextiles,
996 2456 1042 2520 ita
1065 2453 1146 2519 mihi
1168 2455 1311 2520 Lanuvii
1340 2453 1447 2542 pridie
1470 2453 1550 2520 Idus

265 2571 392 2646 praesto
416 2560 487 2646 fuit,
511 2561 569 2626 sed
592 2561 689 2648 plane
712 2561 830 2650 pollex,
852 2584 919 2626 non
934 2561 1044 2628 index.
1067 2563 1134 2628 Att.
1159 2563 1210 2648 14
1236 2563 1285 2647 14,
1310 2563 1344 2626 2:
1368 2563 1431 2627 ista
1454 2561 1550 2649 culpa

265 2665 465 2731 Brutorum?
488 2669 621 2732 minime
644 2667 776 2733 illorum
799 2669 941 2755 quidem,
964 2668 1022 2734 sed
1045 2668 1183 2733 aliorum
1206 2667 1384 2734 brutorum.
1407 2670 1472 2734 Att.
1498 2671 1549 2753 16,

265 2773 381 2858 5‚40
405 2774 533 2838 diesin
557 2775 712 2860 auspiciis
743 2775 860 2862 Lepidi
894 2775 1002 2862 lepide
1037 2774 1225 2864 descriptos.
1265 2776 1356 2861 epist.
1392 2775 1434 2840 ad
1468 2775 1547 2840 fam.

267 2883 296 2966 7,
320 2881 415 2964 25‚2
447 2904 565 2946 vereor
594 2905 635 2947 ne
670 2885 703 2946 in
736 2883 900 2948 catonium
930 2881 1115 2949 Oatoninos.
1150 2883 1242 2968 epist.
1265 2882 1308 2946 ad
1342 2882 1419 2948 fam.
1457 2883 1486 2968 8,
1518 2883 1550 2968 9,

268 2991 284 3052 1
310 2989 486 3056 (lurionem
508 3011 641 3074 prorsus
654 2991 831 3075 curionem,
855 2989 897 3054 cf.
920 2989 1027 3054 Plaut.
1050 2989 1126 3054 Aul.
1150 2990 1216 3056 565
1233 3027 1276 3037 —
1293 2991 1386 3077 epist.
1409 2989 1451 3054 ad
1467 2989 1546 3055 fam.

267 3096 317 3175 12,
340 3096 394 3178 25,
421 3101 435 3161 1
461 3096 637 3160 Minotauri
660 3095 694 3161 id
718 3106 767 3161 est
790 3095 928 3164 Calvisii
951 3106 983 3161 et
1005 3097 1114 3162 Tauri.

371 3201 503 3269 Comice
525 3202 602 3268 ficta
624 3203 794 3270 vocabula.

371 3309 436 3373 Att.
463 3312 491 3396 1,
520 3312 569 3395 16,
601 3312 644 3375 14
667 3315 875 3400 φιλοσοφητέον
898 3321 931 3376 et
960 3311 1040 3375 istos
1069 3309 1259 3375 consulatus
1290 3309 1385 3376 flocci
1408 3309 1548 3374 facteon.

264 3414 330 3481 Att.
354 3418 383 3501 9,
420 3418 470 3501 10,
502 3417 522 3481 6
553 3417 599 3481 ita
634 3417 799 3482 sullaturit
832 3419 961 3482 animus
987 3418 1058 3482 eius
1081 3429 1113 3482 et
1144 3417 1373 3505 proscripturit
1384 3420 1419 3494 1).
1455 3417 1549 3504 epist.

265 3523 306 3587 ad
330 3522 406 3588 fam.
431 3525 460 3609 3,
485 3526 514 3610 1,
537 3525 558 3589 2
582 3523 638 3612 (ad
660 3525 831 3612 Appium):
859 3535 936 3610 puto
958 3546 1025 3589 non
1047 3525 1153 3590 invita
1175 3525 1326 3590 Minerva
1349 3546 1421 3589 esse
1444 3522 1549 3588 factu-

264 3652 347 3716 rum,
376 3653 474 3717 quam
503 3630 635 3718 quidem
669 3654 739 3718 ego,
769 3633 798 3698 si
831 3634 915 3698 lorte
946 3631 986 3697 de
1019 3631 1085 3696 tuis
1124 3653 1302 3718 sumpsero,
1343 3653 1409 3695 non
1443 3629 1548 3694 solum

265 3729 425 3820 Παλλάδα,
448 3736 507 3803 sed
522 3739 620 3802 etiam
635 3729 786 3803 Ἀππιάδα
801 3739 984 3805 nominabo.
1008 3738 1100 3826 epist.
1123 3738 1166 3802 ad
1182 3737 1258 3802 fam.
1282 3739 1312 3824 3,
1336 3741 1365 3824 7,
1388 3737 1422 3803 5:
1446 3737 1549 3802 ullam

264 3845 469 3931 Appietatem
492 3854 548 3910 aut
578 3845 811 3912 Lentulitatem
844 3845 956 3912 valere
990 3845 1078 3934 apud
1113 3869 1166 3912 me
1189 3845 1263 3932 plus
1286 3855 1347 3910 cet.
1387 3843 1431 3910 ad
1452 3844 1492 3924 Q.
1508 3843 1548 3909 fr.

264 3951 294 4033 3,
319 3953 348 4036 1,
371 3952 405 4016 9:
428 3951 654 4018 immortaliter
675 3951 811 4038 gaudeo.

370 4056 567 4123 Allitteratio
590 4068 623 4124 et
645 4059 875 4124 annominatio.

370 4164 435 4230 Att.
460 4168 488 4250 1,
513 4167 542 4250 1,
567 4167 585 4230 1
610 4166 680 4230 sine
712 4165 788 4232 fuco
812 4188 851 4232 ao
878 4159 1028 4230 fallaciis.
1067 4165 1264 4252 Au.1‚16,
1296 4166 1421 4253 bquos
1444 4164 1548 4230 fames

264 4271 369 4356 magis
400 4293 495 4358 quam
528 4271 617 4336 fama
649 4283 877 4338 commoverat.
915 4272 982 4338 Att.
1007 4274 1038 4358 4,
1070 4273 1121 4357 18,
1152 4273 1187 4338 2:
1218 4273 1387 4338 amisimus
1418 4294 1548 4336 omnem

264 4398 379 4442 sucum
402 4387 434 4443 et
457 4379 650 4464 sanguinem
681 4379 833 4444 civitatis.
872 4378 938 4444 Att.
962 4380 991 4466 7,
1015 4381 1045 4466 9,
1067 4381 1090 4444 4
1112 4401 1178 4444 non
1209 4378 1292 4465 legis
1316 4379 1375 4444 sed
1397 4378 1547 4444 libidinis

263 4557 342 4607 midis
361 4558 509 4609 cervicibus
527 4559 651 4610 intulisti.
680 4559 721 4610 Cf.
741 4559 828 4612 Plaut.
846 4560 920 4612 Pers.
938 4557 1005 4615 299:
1032 4566 1169 4625 tamquam
1195 4575 1352 4625 proserpens
1376 4559 1490 4610 bestiast
1508 4558 1548 4610 bi·

263 4645 365 4712 linguis
383 4652 410 4697 et
428 4648 566 4700 scelestus.
585 4649 665 4701 Poen.
685 4647 769 4702 1033:
788 4649 884 4700 bisulsi
902 4648 996 4716 lingua
1014 4649 1092 4714 qnasi
1110 4663 1268 4716 proserpens
1286 4647 1381 4700 bestia.
1400 4647 1490 4698 Aulul.
1503 4645 1546 4698 41:

257 4736 533 4801 ‘circumspectatrix
551 4753 612 4788 cnm
631 4738 716 4789 oculis
735 4737 886 4789 emissiciis.

371 4825 391 4891 ¹)
411 4825 452 4879 01.
473 4826 617 4890 Woelfflin,
636 4827 745 4880 Archiv.
764 4827 779 4877 I
796 4824 887 4893 (1884)
906 4843 932 4892 p.
950 4824 1011 4880 412.
