3892 5808
389 511 432 576 36
869 532 1035 576 snvnsruus
1057 533 1187 574 mune
1596 505 1669 576 [²12]

387 735 541 811 guentate
563 723 687 810 glabris
714 724 830 788 marite
850 723 854 809 Ι
875 723 1040 789 abstinere
1063 732 1095 788 et
1117 721 1222 787 Plaut.
1250 719 1324 786 Aul.
1347 721 1413 786 402
1437 742 1534 808 quam
1558 718 1670 786 volsus

387 831 524 916 ludiust;
548 831 646 896 etiam
673 829 779 896 Lucil.
802 831 854 914 30,
879 831 957 895 977:
980 827 1121 894 imberbi
1145 827 1339 917 androgyni,
1370 825 1498 892 barbati
1521 825 1671 890 moecho-

388 937 515 1004 cinaedi
539 929 804 1027 (ἀπροσδοκητονῐ).
836 936 872 1004 Si
894 947 1004 1000 tamen
1027 936 1098 1023 ipse
1121 933 1256 999 Plautus
1282 933 1489 1020 „hirquinum
1512 931 1667 999 berbam“

388 1045 517 1128 (Pseud.
543 1045 620 1128 950)
643 1043 767 1130 irridet,
794 1045 865 1108 sine
888 1043 988 1108 dubio
1010 1040 1073 1107 hoc
1095 1064 1113 1106 e
1136 1039 1338 1107 Graecorum
1362 1039 1559 1104 comicorum
1583 1061 1672 1104 more

373 1151 481 1236 .facit;
511 1152 621 1239 itaque
643 1162 732 1217 recte
754 1150 934 1216 Lorennius
965 1147 1098 1213 adnotat
1120 1148 1155 1211 in
1178 1146 1306 1214 Graeco
1329 1145 1510 1234 exemplari
1533 1145 1671 1211 fortasse

387 1280 457 1324 voc.
481 1258 683 1346 σφηνοπώγων
707 1255 762 1343 (cf.
778 1255 858 1322 Poll.
874 1256 932 1343 IV,
951 1256 1014 1320 143
1031 1254 1110 1342 sqq.)
1133 1255 1311 1337 exstitisse3
1334 1253 1377 1320 cf.
1392 1254 1449 1318 Ar.
1472 1253 1576 1318 Banu.
1592 1255 1671 1320 966:

387 1356 770 1453 σαλπιγγολογχυπηνάδαι,
794 1363 918 1430 Platon.
942 1362 980 1427 fr.
1007 1363 1071 1426 142
1094 1361 1149 1428 K:
1173 1361 1224 1424 τὸν
1246 1362 1409 1450 ὑπγνόβιον.

495 1472 547 1536 Elx
569 1470 627 1536 illo
650 1471 817 1539 Ciceronis
840 1468 920 1556 loco,
944 1490 1040 1555 quem
1064 1489 1164 1554 supra
1187 1467 1295 1552 citavi,
1327 1468 1542 1554 perspicimus
1566 1476 1671 1532 orato-

388 1589 499 1659 torem,
531 1578 650 1664 quippe
673 1577 729 1664 qui
757 1577 855 1642 etiam
877 1577 912 1640 in
935 1575 1033 1640 rebus
1064 1574 1227 1640 vestiariis
1250 1573 1399 1638 laudator
1429 1573 1584 1660 temporis
1607 1573 1672 1638 acti

388 1685 548 1750 exstiterit
559 1685 592 1770 ¹),
615 1682 816 1749 manuleates
839 1684 968 1748 tunicas
984 1681 1136 1748 dedecori
1150 1703 1222 1746 esse
1237 1680 1433 1747 existimare.
1456 1681 1562 1746 Prisci
1584 1681 1672 1745 enim

388 1791 527 1856 Romani
548 1800 625 1876 toga
649 1789 717 1855 sola
748 1791 858 1855 amicti
881 1789 1023 1854 fuerunt.
1062 1787 1169 1856 Simili
1199 1787 1295 1853 modo
1326 1787 1462 1852 Plautus
1494 1786 1550 1870 (cf.
1573 1787 1671 1852 Poen.

392 1897 475 1963 1298
499 1908 532 1962 et
556 1898 651 1983 1303,
675 1895 791 1962 Pseud.
816 1897 879 1961 717
905 1896 985 1982 sqq.)
1015 1895 1142 1960 tunicas
1166 1893 1281 1979 longas
1311 1903 1343 1959 et
1366 1893 1570 1959 demissicias
1599 1903 1672 1958 tan-

387 2003 554 2068 tummodo
577 2003 723 2068 mulieris
754 2013 810 2068 aut
832 2002 897 2069 viri
920 2002 1099 2068 effeminati
1121 2001 1289 2088 proprium
1321 2001 1477 2066 amictum
1500 2021 1572 2065 esse
1596 2021 1672 2064 cen-

388 2111 462 2176 suit.
486 2111 594 2176 Etiam
617 2109 777 2175 Martialis
801 2109 903 2174 multa
915 2109 1018 2175 verba
1041 2108 1122 2174 facit
1145 2108 1185 2174 de
1204 2107 1387 2195 „molestis“
1413 2107 1544 2190 tunicis,
1570 2105 1611 2171 cf.
1627 2105 1671 2187 X,

389 2218 418 2302 6,
443 2220 476 2299 7;
508 2218 559 2304 25,
582 2217 617 2299 ὃς
648 2221 700 2301 81,
723 2217 754 2280 4.
778 2217 835 2303 XI,
860 2218 911 2300 70,
935 2217 964 2281 5.
988 2215 1082 2300 XIV,
1108 2215 1172 2280 143
1196 2215 1408 2280 -tunicata
1435 2214 1528 2300 quies
1552 2213 1595 2297 X,
1619 2213 1671 2289 51,

389 2325 418 2389 6.
442 2324 491 2390 Of.
514 2323 618 2389 Lucil.
637 2327 664 2410 1,
688 2325 732 2389 34
755 2333 942 2410 praetextae
965 2345 1005 2388 ac
1019 2323 1159 2406 tunicae,
1182 2321 1351 2410 Lydorum
1372 2321 1444 2409 opu'
1468 2319 1672 2385 sordidulum

388 2453 491 2496 omne.
509 2431 608 2496 —In
632 2429 851 2496 extremohoe
874 2430 979 2516 capite
1002 2428 1131 2495 iuvabit
1152 2427 1234 2493 haec
1257 2425 1358 2493 verba
1380 2427 1417 2492 P.
1440 2425 1583 2494 Cornelii
1606 2426 1674 2493 Sci-

387 2538 492 2624 pionis
524 2537 640 2603 Aemil.
664 2537 818 2603 adnotare
849 2536 899 2620 (O.
922 2536 959 2602 R.
984 2536 1023 2600 ir.
1046 2559 1076 2622 p.
1101 2536 1163 2601 181
1188 2535 1257 2618 M.):
1280 2535 1365 2600 Nam
1388 2534 1444 2621 qui
1468 2533 1587 2600 cotidie
1610 2555 1671 2598 un·

388 2655 562 2731 guentatus
593 2643 767 2710 adversum
803 2643 972 2730 speculum
1002 2651 1143 2717 ornetur,
1175 2642 1268 2707 cuius
1300 2639 1475 2728 supercilio
1505 2639 1673 2723 radantur,

389 2753 445 2838 qui
468 2751 570 2818 barba
601 2751 698 2816 vulsa
721 2750 961 2836 feminibusque
992 2747 1160 2814 subvulsis
1187 2747 1340 2833 ambulet,
1371 2747 1485 2834 quiin
1509 2747 1672 2813 conviviis

384 2857 652 2925 adolescentulus
668 2879 744 2922 cum
759 2866 911 2941 amatore,
927 2877 1003 2921 cum
1019 2854 1187 2921 chirodota
1202 2854 1314 2920 tunica
1324 2855 1460 2920 interior
1475 2853 1673 2940 accubuerit,

388 2966 445 3053 qui
475 2988 541 3030 non
564 2964 661 3029 modo
691 2965 835 3048 vinosus,
867 2961 924 3028 sed
947 2963 1075 3026 virosus
1106 2982 1233 3049 quoque
1264 2962 1318 3026 sit:
1353 2983 1471 3026 eumne
1500 2961 1672 3047 quisquam

388 3071 524 3157 dubitet,
548 3072 627 3159 quin
649 3070 739 3136 idem
762 3070 885 3153 fecerit,
909 3068 995 3155 quod
1019 3067 1148 3134 cinaedi
1171 3067 1281 3134 facere
1305 3065 1433 3133 solent?

494 3177 660 3244 Nonnulla
693 3177 823 3263 negotia
857 3176 1008 3244 Ciceroni
1043 3175 1210 3263 despectui
1233 3173 1379 3256 fuerunt;
1411 3173 1453 3240 cf.
1483 3176 1548 3240 Att.
1579 3175 1609 3259 6,
1645 3175 1673 3261 l,

392 3285 433 3350 15
456 3285 655 3372 Turpionem
678 3285 837 3349 sutorium
853 3293 885 3348 et
900 3282 1046 3348 Vettium
1066 3281 1258 3369 mancipem.
1282 3279 1401 3347 Servos
1418 3303 1530 3346 omnes
1547 3279 1672 3366 antiqui

389 3395 564 3478 scriptores
592 3401 812 3456 contemnunt.
850 3390 902 3455 De
925 3390 1074 3455 convicio
1100 3387 1268 3475 ,servus“,
1299 3387 1462 3454 similibus
1485 3388 1551 3452 iam
1575 3409 1673 3473 supra

389 3499 490 3566 locuti
506 3520 627 3562 sumus.
651 3498 814 3580 Quoniam
838 3495 1007 3584 ,barbari“
1034 3519 1134 3583 aeque
1151 3494 1448 3577 contemnebantur,
1472 3493 1674 3560 adiectivum

393 3605 591 3695 ,barbarusl
617 3627 713 3691 saepe
737 3604 929 3673 aOicerone
953 3624 1028 3668 cum
1045 3625 1229 3693 synonymo
1255 3601 1491 3688 ,inhumanus“
1518 3599 1674 3686 coniungi

389 3713 478 3779 haud
502 3712 643 3778 mireris:
667 3735 717 3777 ex.
742 3733 769 3778 c.
791 3712 857 3776 Att.
883 3713 934 3798 11,
957 3712 977 3774 2
1002 3749 1044 3758 -
1069 3709 1111 3776 cf.
1134 3710 1238 3775 Plaut.
1261 3709 1380 3776 Bacch.
1407 3711 1479 3775 121.
1501 3707 1555 3773 Ad
1578 3709 1617 3790 Q.
1633 3706 1673 3771 fr.

393 3825 421 3904 1,
445 3823 474 3906 1,
506 3821 548 3886 19
571 3819 724 3906 legimus:
756 3819 822 3882 nisi
845 3817 929 3883 forte
959 3839 1012 3882 me
1035 3816 1170 3882 Paeonii
1200 3817 1310 3882 nescio
1334 3815 1437 3900 cuius,
1467 3814 1609 3881 hominis
1632 3836 1673 3879 ne

390 3927 510 3996 Graeci
540 3927 674 4014 quidem
708 3947 747 3992 ac
780 3925 869 4014 Mysi
904 3933 960 3988 aut
983 3923 1121 4012 Phrygii
1146 3923 1254 4010 potius
1280 3921 1466 4010 quaerelis...
1489 3921 1540 3988 of.
1564 3923 1675 4010 Myso-

390 4056 464 4098 rum
487 4033 622 4099 ultimus
645 4033 754 4098 Flacc.
779 4033 830 4115 66,
858 4029 966 4096 Μυσῶν
991 4037 1115 4118 ἔσχατος
1138 4031 1279 4115 Magnet.
1303 4029 1343 4094 fr.
1367 4030 1387 4094 5
1411 4030 1453 4094 K.
1474 4027 1673 4117 -phrygio

390 4139 495 4206 Plaut.
519 4141 605 4206 Men.
628 4140 703 4225 426,
727 4140 802 4224 469,
825 4138 900 4224 563,
923 4139 997 4223 623,
1022 4138 1100 4217 681;
1124 4136 1199 4202 Aul.
1223 4137 1288 4202 508
1315 4175 1354 4185 -
1379 4135 1499 4225 babylo
1521 4136 1595 4200 Ter.
1610 4133 1672 4201 Ad.

391 4248 456 4312 915
480 4257 512 4313 et
535 4269 582 4332 ea,
612 4269 694 4333 quae
718 4244 759 4310 ad
783 4267 853 4310 voc.
877 4243 999 4330 ambro,
1030 4242 1131 4332 pytho
1158 4242 1395 4308 adnotaverunt
1426 4241 1463 4308 R.
1487 4241 1587 4308 Fisch
1610 4241 1629 4306 l.
1653 4240 1673 4304 l.

498 4535 516 4598 ¹)
538 4534 578 4587 Gi.
596 4534 738 4598 praeclara
747 4533 797 4583 illa
806 4532 914 4584 Catonis
927 4533 1010 4582 verba
1028 4532 1059 4583 0.
1079 4532 1110 4584 R.
1124 4533 1156 4582 lr.
1177 4547 1201 4596 p.
1222 4527 1274 4583 146
1288 4531 1332 4580 Ma
1352 4530 1443 4595 Neque
1463 4528 1530 4579 mihi
1550 4526 1674 4578 aedifica-

389 4625 638 4689 tio,nequavasum,
655 4637 740 4688 neque
754 4622 943 4672 vestimentum
958 4621 1042 4671 ullum
1048 4626 1089 4670 est
1095 4619 1331 4684 manupretiosum,
1339 4634 1424 4684 neque
1432 4618 1563 4683 pretiosus
1572 4632 1673 4680 servus,

391 4728 477 4778 nsque
490 4711 598 4763 ancilla.
618 4709 724 4775 Siquid
737 4715 785 4773 est,
799 4709 868 4774 quod
882 4717 952 4777 utar,
964 4715 1037 4774 ntor;
1057 4709 1079 4758 si
1092 4714 1207 4772 nonest,
1220 4723 1293 4773 egeo.
1314 4707 1396 4758 Suum
1409 4707 1505 4772 cuique
1519 4721 1620 4772 parma
1634 4704 1675 4755 uti

392 4808 471 4867 atque
490 4800 545 4852 frui
562 4801 634 4852 licat.
652 4797 725 4852 Vitio
743 4804 859 4863 vertunt,
879 4798 942 4863 quia
960 4798 1045 4848 multa
1065 4812 1138 4863 egeo,
1158 4803 1186 4846 at
1205 4811 1254 4863 ego
1269 4796 1333 4860 illis,
1352 4795 1415 4861 quia
1433 4803 1569 4861 nequeunt
1587 4808 1674 4860 egere.
