<?xml version="1.0" encoding="UTF-8"?>
<!DOCTYPE html PUBLIC "-//W3C//DTD XHTML 1.0 Transitional//EN"
    "http://www.w3.org/TR/xhtml1/DTD/xhtml1-transitional.dtd">
<html xmlns="http://www.w3.org/1999/xhtml" xml:lang="en" lang="en">
 <head>
  <title>
</title>
<meta http-equiv="Content-Type" content="text/html;charset=utf-8" />
  <meta name='ocr-system' content='tesseract 3.04.00' />
  <meta name='ocr-capabilities' content='ocr_page ocr_carea ocr_par ocr_line ocrx_word'/>
</head>
<body>
  <div class='ocr_page' id='page_1' title='image "./contumeliaequae00hammgoog_0046.png"; bbox 0 0 3892 5808; ppageno 0'>
   <div class='ocr_carea' id='block_1_1' title="bbox 285 523 1565 596">
    <p class='ocr_par' dir='ltr' id='par_1_1' title="bbox 285 523 1565 596">
     <span class='ocr_line' id='line_1_1' title="bbox 285 523 1565 596; baseline 0 -4"><span class='ocrx_word' id='word_1_1' title='bbox 285 523 359 596; x_wconf 77' lang='lat'>[217]</span> <span class='ocrx_word' id='word_1_2' title='bbox 823 549 1037 592; x_wconf 71' lang='lat' dir='ltr'><strong>maroneum</strong></span> <span class='ocrx_word' id='word_1_3' title='bbox 1523 529 1565 592; x_wconf 87' lang='lat'><strong>41</strong></span> 
     </span>
    </p>
   </div>
   <div class='ocr_carea' id='block_1_2' title="bbox 285 738 1568 1045">
    <p class='ocr_par' dir='ltr' id='par_1_2' title="bbox 285 738 1568 1045">
     <span class='ocr_line' id='line_1_2' title="bbox 392 738 1568 828; baseline 0.003 -24"><span class='ocrx_word' id='word_1_4' title='bbox 392 739 463 804; x_wconf 93' lang='lat' dir='ltr'><strong>Iam</strong></span> <span class='ocrx_word' id='word_1_5' title='bbox 486 738 637 804; x_wconf 86' lang='lat' dir='ltr'><strong>videmus</strong></span> <span class='ocrx_word' id='word_1_6' title='bbox 659 738 850 806; x_wconf 79' lang='lat' dir='ltr'><strong>Ciceronem</strong></span> <span class='ocrx_word' id='word_1_7' title='bbox 873 739 971 805; x_wconf 89' lang='lat' dir='ltr'><strong>valde</strong></span> <span class='ocrx_word' id='word_1_8' title='bbox 993 739 1190 806; x_wconf 87' lang='lat' dir='ltr'><strong>admiratum</strong></span> <span class='ocrx_word' id='word_1_9' title='bbox 1213 761 1284 807; x_wconf 87' lang='lat' dir='ltr'><strong>esse</strong></span> <span class='ocrx_word' id='word_1_10' title='bbox 1307 739 1415 808; x_wconf 90' lang='lat' dir='ltr'><strong>Plauti</strong></span> <span class='ocrx_word' id='word_1_11' title='bbox 1439 743 1568 828; x_wconf 83' lang='lat' dir='ltr'><strong>sagaci-</strong></span> 
     </span>
     <span class='ocr_line' id='line_1_3' title="bbox 285 845 1566 936; baseline 0.003 -26"><span class='ocrx_word' id='word_1_12' title='bbox 285 856 383 912; x_wconf 90' lang='lat' dir='ltr'><strong>tatem</strong></span> <span class='ocrx_word' id='word_1_13' title='bbox 415 846 549 933; x_wconf 85' lang='lat' dir='ltr'><strong>eiusque</strong></span> <span class='ocrx_word' id='word_1_14' title='bbox 571 846 696 931; x_wconf 83' lang='lat' dir='ltr'><strong>ingenii</strong></span> <span class='ocrx_word' id='word_1_15' title='bbox 726 867 870 932; x_wconf 89' lang='lat' dir='ltr'><strong>acumen,</strong></span> <span class='ocrx_word' id='word_1_16' title='bbox 900 845 986 934; x_wconf 90' lang='lat' dir='ltr'><strong>quod</strong></span> <span class='ocrx_word' id='word_1_17' title='bbox 1009 847 1154 914; x_wconf 90' lang='lat' dir='ltr'><strong>comicus</strong></span> <span class='ocrx_word' id='word_1_18' title='bbox 1184 858 1278 936; x_wconf 76' lang='lat' dir='ltr'><strong>poeta</strong></span> <span class='ocrx_word' id='word_1_19' title='bbox 1308 848 1429 935; x_wconf 90' lang='lat' dir='ltr'><strong>optime</strong></span> <span class='ocrx_word' id='word_1_20' title='bbox 1459 859 1566 914; x_wconf 90' lang='lat' dir='ltr'><strong>osten·</strong></span> 
     </span>
     <span class='ocr_line' id='line_1_4' title="bbox 285 951 1568 1045; baseline 0.002 -28"><span class='ocrx_word' id='word_1_21' title='bbox 285 951 371 1018; x_wconf 89' lang='lat' dir='ltr'><strong>derit</strong></span> <span class='ocrx_word' id='word_1_22' title='bbox 393 953 428 1017; x_wconf 91' lang='lat' dir='ltr'><strong>in</strong></span> <span class='ocrx_word' id='word_1_23' title='bbox 450 953 599 1040; x_wconf 88' lang='lat' dir='ltr'><strong>personis</strong></span> <span class='ocrx_word' id='word_1_24' title='bbox 621 951 776 1018; x_wconf 90' lang='lat' dir='ltr'><strong>lenonum</strong></span> <span class='ocrx_word' id='word_1_25' title='bbox 798 952 974 1039; x_wconf 88' lang='lat' dir='ltr'><strong>fingendis:</strong></span> <span class='ocrx_word' id='word_1_26' title='bbox 1005 953 1207 1041; x_wconf 76' lang='lat' dir='ltr'><strong>Cappadocis</strong></span> <span class='ocrx_word' id='word_1_27' title='bbox 1230 953 1278 1042; x_wconf 84' lang='lat' dir='ltr'><strong>(in</strong></span> <span class='ocrx_word' id='word_1_28' title='bbox 1301 953 1454 1043; x_wconf 68' lang='lat' dir='ltr'><strong>(tumul),</strong></span> <span class='ocrx_word' id='word_1_29' title='bbox 1482 956 1568 1045; x_wconf 85' lang='lat' dir='ltr'><strong>Lyci</strong></span> 
     </span>
    </p>
   </div>
   <div class='ocr_carea' id='block_1_3' title="bbox 284 1058 1569 2752">
    <p class='ocr_par' dir='ltr' id='par_1_3' title="bbox 285 1058 1567 1362">
     <span class='ocr_line' id='line_1_5' title="bbox 286 1058 1567 1150; baseline 0.005 -27"><span class='ocrx_word' id='word_1_30' title='bbox 286 1061 333 1144; x_wconf 91' lang='lat' dir='ltr'><strong>(iu</strong></span> <span class='ocrx_word' id='word_1_31' title='bbox 364 1060 483 1144; x_wconf 90' lang='lat' dir='ltr'><strong>Poeu.),</strong></span> <span class='ocrx_word' id='word_1_32' title='bbox 513 1058 651 1125; x_wconf 90' lang='lat' dir='ltr'><strong>Dordali</strong></span> <span class='ocrx_word' id='word_1_33' title='bbox 681 1059 729 1145; x_wconf 90' lang='lat' dir='ltr'><strong>(in</strong></span> <span class='ocrx_word' id='word_1_34' title='bbox 759 1060 872 1143; x_wconf 86' lang='lat' dir='ltr'><strong>Persa)</strong></span> <span class='ocrx_word' id='word_1_35' title='bbox 895 1060 1135 1148; x_wconf 89' lang='lat' dir='ltr'><strong>—praecipue</strong></span> <span class='ocrx_word' id='word_1_36' title='bbox 1165 1060 1323 1129; x_wconf 85' lang='lat' dir='ltr'><strong>Ballionis</strong></span> <span class='ocrx_word' id='word_1_37' title='bbox 1352 1061 1401 1149; x_wconf 91' lang='lat' dir='ltr'><strong>(in</strong></span> <span class='ocrx_word' id='word_1_38' title='bbox 1426 1062 1567 1150; x_wconf 82' lang='lat' dir='ltr'><strong>Pseud).</strong></span> 
     </span>
     <span class='ocr_line' id='line_1_6' title="bbox 285 1164 1567 1256; baseline 0.002 -25"><span class='ocrx_word' id='word_1_39' title='bbox 285 1166 335 1235; x_wconf 78' lang='lat' dir='ltr'><strong>cf.</strong></span> <span class='ocrx_word' id='word_1_40' title='bbox 358 1167 425 1235; x_wconf 81' lang='lat' dir='ltr'><strong>Gic.</strong></span> <span class='ocrx_word' id='word_1_41' title='bbox 450 1164 532 1232; x_wconf 91' lang='lat' dir='ltr'><strong>Phil.</strong></span> <span class='ocrx_word' id='word_1_42' title='bbox 555 1167 599 1252; x_wconf 92' lang='lat' dir='ltr'>II,</span> <span class='ocrx_word' id='word_1_43' title='bbox 622 1166 652 1254; x_wconf 88' lang='grc'>6,</span> <span class='ocrx_word' id='word_1_44' title='bbox 676 1166 728 1238; x_wconf 78' lang='grc'>15.</span> <span class='ocrx_word' id='word_1_45' title='bbox 765 1167 840 1248; x_wconf 82' lang='lat' dir='ltr'><strong>Qua</strong></span> <span class='ocrx_word' id='word_1_46' title='bbox 870 1165 912 1232; x_wconf 91' lang='lat' dir='ltr'><strong>de</strong></span> <span class='ocrx_word' id='word_1_47' title='bbox 937 1188 975 1233; x_wconf 89' lang='lat' dir='ltr'><strong>re</strong></span> <span class='ocrx_word' id='word_1_48' title='bbox 1004 1167 1135 1254; x_wconf 75' lang='lat' dir='ltr'><strong>scripsit</strong></span> <span class='ocrx_word' id='word_1_49' title='bbox 1158 1168 1337 1235; x_wconf 78' lang='lat' dir='ltr'><strong>Lorenriue</strong></span> <span class='ocrx_word' id='word_1_50' title='bbox 1368 1169 1403 1234; x_wconf 92' lang='lat' dir='ltr'><strong>in</strong></span> <span class='ocrx_word' id='word_1_51' title='bbox 1425 1190 1567 1256; x_wconf 91' lang='lat' dir='ltr'><strong>prooem.</strong></span> 
     </span>
     <span class='ocr_line' id='line_1_7' title="bbox 287 1273 698 1362; baseline -0.002 -24"><span class='ocrx_word' id='word_1_52' title='bbox 287 1273 405 1340; x_wconf 80' lang='lat' dir='ltr'><strong>Pseud.</strong></span> <span class='ocrx_word' id='word_1_53' title='bbox 427 1297 458 1362; x_wconf 93' lang='lat' dir='ltr'><strong>p.</strong></span> <span class='ocrx_word' id='word_1_54' title='bbox 483 1273 535 1359; x_wconf 88' lang='lat'>18,</span> <span class='ocrx_word' id='word_1_55' title='bbox 557 1283 622 1338; x_wconf 88' lang='lat' dir='ltr'><strong>not.</strong></span> <span class='ocrx_word' id='word_1_56' title='bbox 647 1273 698 1338; x_wconf 91' lang='grc'>16.</span> 
     </span>
    </p>

    <p class='ocr_par' dir='ltr' id='par_1_4' title="bbox 286 1379 1568 1681">
     <span class='ocr_line' id='line_1_8' title="bbox 391 1379 1568 1468; baseline 0 -22"><span class='ocrx_word' id='word_1_57' title='bbox 391 1380 446 1446; x_wconf 89' lang='lat' dir='ltr'><strong>Ad</strong></span> <span class='ocrx_word' id='word_1_58' title='bbox 468 1379 639 1446; x_wconf 78' lang='lat' dir='ltr'>libidinem</span> <span class='ocrx_word' id='word_1_59' title='bbox 661 1379 838 1445; x_wconf 75' lang='lat' dir='ltr'><strong>notandam</strong></span> <span class='ocrx_word' id='word_1_60' title='bbox 861 1379 976 1448; x_wconf 72' lang='lat' dir='ltr'><strong>Cicero</strong></span> <span class='ocrx_word' id='word_1_61' title='bbox 992 1403 1226 1468; x_wconf 85' lang='lat' dir='ltr'><strong>nonnunquam</strong></span> <span class='ocrx_word' id='word_1_62' title='bbox 1249 1382 1348 1448; x_wconf 92' lang='lat' dir='ltr'><strong>etiam</strong></span> <span class='ocrx_word' id='word_1_63' title='bbox 1364 1380 1568 1449; x_wconf 84' lang='lat' dir='ltr'><strong>deminutiva</strong></span> 
     </span>
     <span class='ocr_line' id='line_1_9' title="bbox 286 1486 1567 1576; baseline 0.002 -25"><span class='ocrx_word' id='word_1_64' title='bbox 286 1498 434 1575; x_wconf 78' lang='lat' dir='ltr'><strong>usurpat:</strong></span> <span class='ocrx_word' id='word_1_65' title='bbox 458 1486 500 1553; x_wconf 80' lang='lat' dir='ltr'><strong>cf.</strong></span> <span class='ocrx_word' id='word_1_66' title='bbox 523 1509 573 1553; x_wconf 88' lang='lat' dir='ltr'><strong>ex.</strong></span> <span class='ocrx_word' id='word_1_67' title='bbox 588 1509 637 1574; x_wconf 86' lang='lat' dir='ltr'><strong>gr.</strong></span> <span class='ocrx_word' id='word_1_68' title='bbox 660 1486 853 1554; x_wconf 86' lang='lat' dir='ltr'><strong>muliercula</strong></span> <span class='ocrx_word' id='word_1_69' title='bbox 863 1490 887 1570; x_wconf 86' lang='lat'>1)</span> <span class='ocrx_word' id='word_1_70' title='bbox 909 1487 1004 1554; x_wconf 89' lang='lat' dir='ltr'><strong>Verr.</strong></span> <span class='ocrx_word' id='word_1_71' title='bbox 1026 1487 1090 1568; x_wconf 90' lang='lat'>111,</span> <span class='ocrx_word' id='word_1_72' title='bbox 1113 1489 1170 1571; x_wconf 79' lang='lat'><strong>313</strong></span> <span class='ocrx_word' id='word_1_73' title='bbox 1194 1489 1245 1555; x_wconf 95' lang='grc'><strong>78.</strong></span> <span class='ocrx_word' id='word_1_74' title='bbox 1267 1489 1309 1576; x_wconf 96' lang='lat' dir='ltr'>V,</span> <span class='ocrx_word' id='word_1_75' title='bbox 1332 1490 1390 1572; x_wconf 78' lang='lat'><strong>633</strong></span> <span class='ocrx_word' id='word_1_76' title='bbox 1413 1489 1468 1574; x_wconf 80' lang='lat'><strong>863</strong></span> <span class='ocrx_word' id='word_1_77' title='bbox 1493 1489 1567 1555; x_wconf 92' lang='lat'><strong>100.</strong></span> 
     </span>
     <span class='ocr_line' id='line_1_10' title="bbox 286 1592 1567 1681; baseline 0 -21"><span class='ocrx_word' id='word_1_78' title='bbox 286 1592 444 1661; x_wconf 84' lang='lat' dir='ltr'>Similiter</span> <span class='ocrx_word' id='word_1_79' title='bbox 466 1593 603 1660; x_wconf 85' lang='lat' dir='ltr'><strong>Plautus</strong></span> <span class='ocrx_word' id='word_1_80' title='bbox 626 1594 721 1660; x_wconf 83' lang='lat' dir='ltr'><strong>Truc.</strong></span> <span class='ocrx_word' id='word_1_81' title='bbox 744 1595 824 1661; x_wconf 82' lang='lat'><strong>309:</strong></span> <span class='ocrx_word' id='word_1_82' title='bbox 847 1593 1071 1681; x_wconf 87' lang='lat' dir='ltr'><strong>meretriculis,</strong></span> <span class='ocrx_word' id='word_1_83' title='bbox 1102 1595 1199 1660; x_wconf 91' lang='lat' dir='ltr'><strong>Poen.</strong></span> <span class='ocrx_word' id='word_1_84' title='bbox 1225 1596 1323 1662; x_wconf 83' lang='lat'>1286:</span> <span class='ocrx_word' id='word_1_85' title='bbox 1346 1594 1567 1662; x_wconf 87' lang='lat' dir='ltr'><strong>lenunculum</strong></span> 
     </span>
    </p>

    <p class='ocr_par' dir='ltr' id='par_1_5' title="bbox 285 1699 1569 2322">
     <span class='ocr_line' id='line_1_11' title="bbox 392 1699 1569 1789; baseline 0.002 -23"><span class='ocrx_word' id='word_1_86' title='bbox 392 1699 492 1766; x_wconf 93' lang='lat' dir='ltr'><strong>Illum</strong></span> <span class='ocrx_word' id='word_1_87' title='bbox 515 1700 667 1769; x_wconf 77' lang='lat' dir='ltr'><strong>clodium</strong></span> <span class='ocrx_word' id='word_1_88' title='bbox 689 1700 870 1767; x_wconf 90' lang='lat' dir='ltr'><strong>imberbem</strong></span> <span class='ocrx_word' id='word_1_89' title='bbox 893 1712 926 1767; x_wconf 92' lang='lat' dir='ltr'><strong>et</strong></span> <span class='ocrx_word' id='word_1_90' title='bbox 949 1701 1169 1768; x_wconf 86' lang='lat' dir='ltr'><strong>effeminatum</strong></span> <span class='ocrx_word' id='word_1_91' title='bbox 1192 1703 1340 1768; x_wconf 86' lang='lat' dir='ltr'><strong>nominat</strong></span> <span class='ocrx_word' id='word_1_92' title='bbox 1361 1703 1430 1772; x_wconf 79' lang='lat' dir='ltr'><strong>(lic.</strong></span> <span class='ocrx_word' id='word_1_93' title='bbox 1453 1704 1519 1768; x_wconf 81' lang='lat' dir='ltr'><strong>Att.</strong></span> <span class='ocrx_word' id='word_1_94' title='bbox 1542 1702 1569 1789; x_wconf 91' lang='lat' dir='ltr'><strong>l,</strong></span> 
     </span>
     <span class='ocr_line' id='line_1_12' title="bbox 288 1806 1568 1897; baseline 0 -23"><span class='ocrx_word' id='word_1_95' title='bbox 288 1810 339 1895; x_wconf 87' lang='lat'><strong>16,</strong></span> <span class='ocrx_word' id='word_1_96' title='bbox 365 1809 407 1874; x_wconf 91' lang='lat'>10</span> <span class='ocrx_word' id='word_1_97' title='bbox 421 1806 621 1897; x_wconf 73' lang='lat' dir='ltr'><strong>pulchellum</strong></span> <span class='ocrx_word' id='word_1_98' title='bbox 637 1829 783 1896; x_wconf 90' lang='lat' dir='ltr'><strong>puerum.</strong></span> <span class='ocrx_word' id='word_1_99' title='bbox 809 1807 933 1894; x_wconf 84' lang='grc' dir='ltr'>Α11.Π,</span> <span class='ocrx_word' id='word_1_100' title='bbox 958 1811 987 1895; x_wconf 94' lang='lat'><strong>1,</strong></span> <span class='ocrx_word' id='word_1_101' title='bbox 1002 1809 1038 1892; x_wconf 82' lang='lat'><strong>43</strong></span> <span class='ocrx_word' id='word_1_102' title='bbox 1062 1809 1113 1896; x_wconf 89' lang='lat'><strong>18,</strong></span> <span class='ocrx_word' id='word_1_103' title='bbox 1135 1809 1170 1892; x_wconf 78' lang='lat'><strong>33</strong></span> <span class='ocrx_word' id='word_1_104' title='bbox 1194 1809 1246 1888; x_wconf 82' lang='lat'>22,</span> <span class='ocrx_word' id='word_1_105' title='bbox 1271 1808 1511 1876; x_wconf 89' lang='lat' dir='ltr'><strong>lPulchellum</strong></span> <span class='ocrx_word' id='word_1_106' title='bbox 1524 1848 1568 1858; x_wconf 91' lang='lat'><em>-</em></span> 
     </span>
     <span class='ocr_line' id='line_1_13' title="bbox 285 1914 1568 2004; baseline -0.001 -23"><span class='ocrx_word' id='word_1_107' title='bbox 285 1915 329 1981; x_wconf 87' lang='lat' dir='ltr'><strong>cf.</strong></span> <span class='ocrx_word' id='word_1_108' title='bbox 351 1914 468 1982; x_wconf 81' lang='lat' dir='ltr'><strong>Getull.</strong></span> <span class='ocrx_word' id='word_1_109' title='bbox 494 1916 545 2001; x_wconf 93' lang='grc'>79,</span> <span class='ocrx_word' id='word_1_110' title='bbox 569 1919 602 1981; x_wconf 87' lang='lat'>1:</span> <span class='ocrx_word' id='word_1_111' title='bbox 632 1914 772 1982; x_wconf 81' lang='lat' dir='ltr'><strong>Lesbius</strong></span> <span class='ocrx_word' id='word_1_112' title='bbox 796 1925 845 1980; x_wconf 92' lang='lat' dir='ltr'><strong>est</strong></span> <span class='ocrx_word' id='word_1_113' title='bbox 867 1914 1012 2002; x_wconf 87' lang='lat' dir='ltr'><strong>pulcher.</strong></span> <span class='ocrx_word' id='word_1_114' title='bbox 1050 1915 1123 1980; x_wconf 85' lang='lat' dir='ltr'><strong>Non</strong></span> <span class='ocrx_word' id='word_1_115' title='bbox 1147 1914 1242 1984; x_wconf 83' lang='lat' dir='ltr'><strong>aliter</strong></span> <span class='ocrx_word' id='word_1_116' title='bbox 1263 1917 1302 1981; x_wconf 88' lang='lat' dir='ltr'><strong>L.</strong></span> <span class='ocrx_word' id='word_1_117' title='bbox 1325 1915 1448 2004; x_wconf 83' lang='lat' dir='ltr'><strong>Sempr.</strong></span> <span class='ocrx_word' id='word_1_118' title='bbox 1472 1916 1568 1981; x_wconf 84' lang='lat' dir='ltr'><strong>Atra-</strong></span> 
     </span>
     <span class='ocr_line' id='line_1_14' title="bbox 285 2021 1568 2111; baseline 0 -23"><span class='ocrx_word' id='word_1_119' title='bbox 285 2023 375 2088; x_wconf 82' lang='lat' dir='ltr'><strong>tinus</strong></span> <span class='ocrx_word' id='word_1_120' title='bbox 397 2022 545 2090; x_wconf 82' lang='lat' dir='ltr'><strong>Ooelium</strong></span> <span class='ocrx_word' id='word_1_121' title='bbox 567 2021 768 2108; x_wconf 90' lang='lat' dir='ltr'><strong>pulchellum</strong></span> <span class='ocrx_word' id='word_1_122' title='bbox 791 2023 941 2088; x_wconf 90' lang='lat' dir='ltr'><strong>Iasonem</strong></span> <span class='ocrx_word' id='word_1_123' title='bbox 965 2021 1140 2110; x_wconf 87' lang='lat' dir='ltr'><strong>appellavit</strong></span> <span class='ocrx_word' id='word_1_124' title='bbox 1163 2021 1213 2106; x_wconf 92' lang='grc' dir='ltr'><strong>(Ο.</strong></span> <span class='ocrx_word' id='word_1_125' title='bbox 1235 2021 1274 2088; x_wconf 88' lang='lat' dir='ltr'><strong>R.</strong></span> <span class='ocrx_word' id='word_1_126' title='bbox 1297 2021 1337 2088; x_wconf 87' lang='lat' dir='ltr'><strong>fr.</strong></span> <span class='ocrx_word' id='word_1_127' title='bbox 1361 2047 1391 2111; x_wconf 87' lang='lat' dir='ltr'><strong>p.</strong></span> <span class='ocrx_word' id='word_1_128' title='bbox 1413 2023 1479 2090; x_wconf 72' lang='lat'><strong>485</strong></span> <span class='ocrx_word' id='word_1_129' title='bbox 1502 2023 1568 2111; x_wconf 76' lang='lat' dir='ltr'><strong>m).</strong></span> 
     </span>
     <span class='ocr_line' id='line_1_15' title="bbox 285 2127 1567 2218; baseline 0.001 -23"><span class='ocrx_word' id='word_1_130' title='bbox 285 2130 366 2196; x_wconf 90' lang='lat' dir='ltr'><strong>Voc.</strong></span> <span class='ocrx_word' id='word_1_131' title='bbox 389 2129 544 2195; x_wconf 89' lang='lat' dir='ltr'><strong>moechus</strong></span> <span class='ocrx_word' id='word_1_132' title='bbox 567 2131 710 2196; x_wconf 89' lang='lat' dir='ltr'><strong>occurrit</strong></span> <span class='ocrx_word' id='word_1_133' title='bbox 732 2130 825 2217; x_wconf 84' lang='lat' dir='ltr'><strong>epist.</strong></span> <span class='ocrx_word' id='word_1_134' title='bbox 848 2129 891 2195; x_wconf 86' lang='lat' dir='ltr'><strong>ad</strong></span> <span class='ocrx_word' id='word_1_135' title='bbox 914 2128 991 2194; x_wconf 86' lang='lat' dir='ltr'><strong>fam.</strong></span> <span class='ocrx_word' id='word_1_136' title='bbox 1015 2127 1111 2216; x_wconf 89' lang='lat' dir='ltr'>VIII,</span> <span class='ocrx_word' id='word_1_137' title='bbox 1135 2132 1164 2214; x_wconf 91' lang='grc'>7,</span> <span class='ocrx_word' id='word_1_138' title='bbox 1187 2130 1268 2194; x_wconf 94' lang='grc'><strong>2-</strong></span> <span class='ocrx_word' id='word_1_139' title='bbox 1283 2129 1459 2218; x_wconf 75' lang='lat' dir='ltr'><strong>penduntor</strong></span> <span class='ocrx_word' id='word_1_140' title='bbox 1473 2130 1567 2196; x_wconf 89' lang='lat' dir='ltr'><strong>Verr.</strong></span> 
     </span>
     <span class='ocr_line' id='line_1_16' title="bbox 285 2235 876 2322; baseline 0 -20"><span class='ocrx_word' id='word_1_141' title='bbox 285 2237 312 2322; x_wconf 92' lang='grc' dir='ltr'><strong>Ι,</strong></span> <span class='ocrx_word' id='word_1_142' title='bbox 338 2239 388 2322; x_wconf 92' lang='grc'><strong>12,</strong></span> <span class='ocrx_word' id='word_1_143' title='bbox 411 2237 468 2320; x_wconf 87' lang='grc'><strong>33;</strong></span> <span class='ocrx_word' id='word_1_144' title='bbox 492 2235 534 2302; x_wconf 85' lang='lat' dir='ltr'><strong>cf.</strong></span> <span class='ocrx_word' id='word_1_145' title='bbox 557 2235 661 2302; x_wconf 87' lang='lat' dir='ltr'><strong>Plaut.</strong></span> <span class='ocrx_word' id='word_1_146' title='bbox 684 2236 777 2301; x_wconf 89' lang='lat' dir='ltr'><strong>Most.</strong></span> <span class='ocrx_word' id='word_1_147' title='bbox 801 2237 876 2302; x_wconf 82' lang='lat'><strong>845.</strong></span> 
     </span>
    </p>

    <p class='ocr_par' dir='ltr' id='par_1_6' title="bbox 284 2342 1569 2752">
     <span class='ocr_line' id='line_1_17' title="bbox 391 2342 1568 2431; baseline 0 -23"><span class='ocrx_word' id='word_1_148' title='bbox 391 2343 490 2409; x_wconf 86' lang='lat' dir='ltr'><strong>Nunc</strong></span> <span class='ocrx_word' id='word_1_149' title='bbox 522 2343 564 2408; x_wconf 90' lang='lat' dir='ltr'><strong>ad</strong></span> <span class='ocrx_word' id='word_1_150' title='bbox 595 2342 757 2409; x_wconf 88' lang='lat' dir='ltr'><strong>adiectiva</strong></span> <span class='ocrx_word' id='word_1_151' title='bbox 787 2354 914 2408; x_wconf 89' lang='lat' dir='ltr'><strong>nosmet</strong></span> <span class='ocrx_word' id='word_1_152' title='bbox 944 2353 1172 2409; x_wconf 77' lang='lat' dir='ltr'><strong>convertamus</strong></span> <span class='ocrx_word' id='word_1_153' title='bbox 1203 2364 1338 2410; x_wconf 87' lang='lat' dir='ltr'><strong>necesse</strong></span> <span class='ocrx_word' id='word_1_154' title='bbox 1361 2354 1418 2430; x_wconf 91' lang='lat' dir='ltr'><strong>est,</strong></span> <span class='ocrx_word' id='word_1_155' title='bbox 1449 2343 1568 2431; x_wconf 89' lang='lat' dir='ltr'><strong>quibus</strong></span> 
     </span>
     <span class='ocr_line' id='line_1_18' title="bbox 284 2448 1569 2538; baseline -0.002 -22"><span class='ocrx_word' id='word_1_156' title='bbox 284 2461 401 2536; x_wconf 88' lang='lat' dir='ltr'><strong>orator,</strong></span> <span class='ocrx_word' id='word_1_157' title='bbox 424 2461 460 2515; x_wconf 92' lang='lat' dir='ltr'><strong>ut</strong></span> <span class='ocrx_word' id='word_1_158' title='bbox 483 2450 638 2538; x_wconf 89' lang='lat' dir='ltr'><strong>diximus,</strong></span> <span class='ocrx_word' id='word_1_159' title='bbox 661 2451 803 2516; x_wconf 86' lang='lat' dir='ltr'><strong>maxime</strong></span> <span class='ocrx_word' id='word_1_160' title='bbox 827 2449 979 2516; x_wconf 87' lang='lat' dir='ltr'><strong>abundat.</strong></span> <span class='ocrx_word' id='word_1_161' title='bbox 1017 2449 1127 2514; x_wconf 79' lang='lat' dir='ltr'><strong>Etiam</strong></span> <span class='ocrx_word' id='word_1_162' title='bbox 1150 2459 1246 2538; x_wconf 89' lang='lat' dir='ltr'><strong>atque</strong></span> <span class='ocrx_word' id='word_1_163' title='bbox 1275 2451 1373 2516; x_wconf 84' lang='lat' dir='ltr'><strong>etiam</strong></span> <span class='ocrx_word' id='word_1_164' title='bbox 1397 2473 1499 2538; x_wconf 88' lang='lat' dir='ltr'><strong>usque</strong></span> <span class='ocrx_word' id='word_1_165' title='bbox 1526 2448 1569 2516; x_wconf 87' lang='lat' dir='ltr'><strong>ad</strong></span> 
     </span>
     <span class='ocr_line' id='line_1_19' title="bbox 284 2555 1567 2646; baseline -0.001 -23"><span class='ocrx_word' id='word_1_166' title='bbox 284 2579 442 2624; x_wconf 88' lang='lat' dir='ltr'><strong>nauseam</strong></span> <span class='ocrx_word' id='word_1_167' title='bbox 470 2566 672 2646; x_wconf 87' lang='lat' dir='ltr'><strong>repetuntur:</strong></span> <span class='ocrx_word' id='word_1_168' title='bbox 707 2567 809 2624; x_wconf 86' lang='lat' dir='ltr'><strong>taeter</strong></span> <span class='ocrx_word' id='word_1_169' title='bbox 839 2557 1080 2644; x_wconf 83' lang='lat' dir='ltr'><strong>(taeterrimus),</strong></span> <span class='ocrx_word' id='word_1_170' title='bbox 1108 2557 1267 2644; x_wconf 90' lang='lat' dir='ltr'><strong>impurus,</strong></span> <span class='ocrx_word' id='word_1_171' title='bbox 1296 2558 1410 2646; x_wconf 90' lang='lat' dir='ltr'><strong>turpis,</strong></span> <span class='ocrx_word' id='word_1_172' title='bbox 1441 2555 1567 2642; x_wconf 84' lang='lat' dir='ltr'><strong>foedus,</strong></span> 
     </span>
     <span class='ocr_line' id='line_1_20' title="bbox 285 2664 553 2752; baseline -0.004 -22"><span class='ocrx_word' id='word_1_173' title='bbox 285 2664 471 2752; x_wconf 90' lang='lat' dir='ltr'><strong>impudicus</strong></span> <span class='ocrx_word' id='word_1_174' title='bbox 494 2675 553 2730; x_wconf 92' lang='lat' dir='ltr'><strong>cet.</strong></span> 
     </span>
    </p>
   </div>
   <div class='ocr_carea' id='block_1_4' title="bbox 284 2770 1569 4248">
    <p class='ocr_par' dir='ltr' id='par_1_7' title="bbox 285 2770 1568 3071">
     <span class='ocr_line' id='line_1_21' title="bbox 390 2770 1568 2858; baseline -0.001 -21"><span class='ocrx_word' id='word_1_175' title='bbox 390 2781 501 2858; x_wconf 86' lang='lat' dir='ltr'><strong>taeter,</strong></span> <span class='ocrx_word' id='word_1_176' title='bbox 525 2772 567 2838; x_wconf 86' lang='lat' dir='ltr'><strong>cf.</strong></span> <span class='ocrx_word' id='word_1_177' title='bbox 591 2770 674 2838; x_wconf 91' lang='lat' dir='ltr'><strong>Phil.</strong></span> <span class='ocrx_word' id='word_1_178' title='bbox 698 2772 759 2857; x_wconf 91' lang='lat' dir='ltr'><strong>XI,</strong></span> <span class='ocrx_word' id='word_1_179' title='bbox 784 2774 818 2856; x_wconf 79' lang='lat'>13</span> <span class='ocrx_word' id='word_1_180' title='bbox 842 2772 893 2838; x_wconf 84' lang='lat'><strong>12.</strong></span> <span class='ocrx_word' id='word_1_181' title='bbox 916 2771 1015 2858; x_wconf 90' lang='lat' dir='ltr'>XIII,</span> <span class='ocrx_word' id='word_1_182' title='bbox 1037 2773 1067 2836; x_wconf 98' lang='grc'><strong>2.</strong></span> <span class='ocrx_word' id='word_1_183' title='bbox 1091 2772 1159 2837; x_wconf 79' lang='lat' dir='ltr'><strong>Att.</strong></span> <span class='ocrx_word' id='word_1_184' title='bbox 1182 2771 1244 2857; x_wconf 90' lang='lat' dir='ltr'>IX,</span> <span class='ocrx_word' id='word_1_185' title='bbox 1268 2773 1298 2857; x_wconf 88' lang='grc'><strong>9,</strong></span> <span class='ocrx_word' id='word_1_186' title='bbox 1322 2773 1351 2836; x_wconf 92' lang='grc'><strong>2.</strong></span> <span class='ocrx_word' id='word_1_187' title='bbox 1374 2771 1419 2858; x_wconf 97' lang='grc' dir='ltr'>Χ,</span> <span class='ocrx_word' id='word_1_188' title='bbox 1443 2772 1514 2855; x_wconf 64' lang='grc'>129,</span> <span class='ocrx_word' id='word_1_189' title='bbox 1539 2773 1568 2836; x_wconf 91' lang='grc'>1.</span> 
     </span>
     <span class='ocr_line' id='line_1_22' title="bbox 286 2877 1568 2966; baseline -0.001 -23"><span class='ocrx_word' id='word_1_190' title='bbox 286 2878 380 2961; x_wconf 89' lang='lat' dir='ltr'>XVI,</span> <span class='ocrx_word' id='word_1_191' title='bbox 405 2881 455 2963; x_wconf 94' lang='grc'><strong>11,</strong></span> <span class='ocrx_word' id='word_1_192' title='bbox 479 2879 509 2944; x_wconf 89' lang='grc'><strong>6.</strong></span> <span class='ocrx_word' id='word_1_193' title='bbox 532 2879 624 2965; x_wconf 88' lang='lat' dir='ltr'><strong>epist.</strong></span> <span class='ocrx_word' id='word_1_194' title='bbox 659 2878 701 2944; x_wconf 88' lang='lat' dir='ltr'><strong>ad</strong></span> <span class='ocrx_word' id='word_1_195' title='bbox 735 2877 813 2944; x_wconf 83' lang='lat' dir='ltr'><strong>fam.</strong></span> <span class='ocrx_word' id='word_1_196' title='bbox 847 2878 891 2965; x_wconf 88' lang='lat' dir='ltr'><strong>X,</strong></span> <span class='ocrx_word' id='word_1_197' title='bbox 928 2881 979 2964; x_wconf 88' lang='lat'><strong>14,</strong></span> <span class='ocrx_word' id='word_1_198' title='bbox 1014 2880 1048 2961; x_wconf 85' lang='grc'><strong>2;</strong></span> <span class='ocrx_word' id='word_1_199' title='bbox 1085 2879 1148 2966; x_wconf 69' lang='grc'>19,]</span> <span class='ocrx_word' id='word_1_200' title='bbox 1172 2879 1201 2943; x_wconf 94' lang='grc'><strong>2.</strong></span> <span class='ocrx_word' id='word_1_201' title='bbox 1234 2877 1277 2944; x_wconf 92' lang='lat' dir='ltr'><strong>ad</strong></span> <span class='ocrx_word' id='word_1_202' title='bbox 1310 2878 1350 2960; x_wconf 78' lang='lat' dir='ltr'><strong>Q.</strong></span> <span class='ocrx_word' id='word_1_203' title='bbox 1384 2877 1425 2942; x_wconf 87' lang='lat' dir='ltr'><strong>fr.</strong></span> <span class='ocrx_word' id='word_1_204' title='bbox 1449 2877 1493 2964; x_wconf 92' lang='lat' dir='ltr'>II,</span> <span class='ocrx_word' id='word_1_205' title='bbox 1518 2879 1568 2964; x_wconf 87' lang='lat'><strong>11,</strong></span> 
     </span>
     <span class='ocr_line' id='line_1_23' title="bbox 285 2983 1095 3071; baseline -0.001 -21"><span class='ocrx_word' id='word_1_206' title='bbox 285 2985 314 3050; x_wconf 89' lang='grc'><strong>2.</strong></span> <span class='ocrx_word' id='word_1_207' title='bbox 338 2984 380 3050; x_wconf 85' lang='lat' dir='ltr'><strong>ad</strong></span> <span class='ocrx_word' id='word_1_208' title='bbox 404 2985 506 3052; x_wconf 90' lang='lat' dir='ltr'><strong>Brutt.</strong></span> <span class='ocrx_word' id='word_1_209' title='bbox 529 2986 574 3069; x_wconf 86' lang='lat' dir='ltr'>II,</span> <span class='ocrx_word' id='word_1_210' title='bbox 596 2987 627 3071; x_wconf 88' lang='lat'>4,</span> <span class='ocrx_word' id='word_1_211' title='bbox 651 2986 680 3050; x_wconf 88' lang='grc'><strong>3.</strong></span> <span class='ocrx_word' id='word_1_212' title='bbox 703 2983 753 3053; x_wconf 82' lang='lat' dir='ltr'><strong>of.</strong></span> <span class='ocrx_word' id='word_1_213' title='bbox 777 2983 880 3050; x_wconf 89' lang='lat' dir='ltr'><strong>Plaut.</strong></span> <span class='ocrx_word' id='word_1_214' title='bbox 903 2984 997 3051; x_wconf 89' lang='lat' dir='ltr'><strong>Most.</strong></span> <span class='ocrx_word' id='word_1_215' title='bbox 1020 2984 1095 3052; x_wconf 83' lang='lat'><strong>593.</strong></span> 
     </span>
    </p>

    <p class='ocr_par' dir='ltr' id='par_1_8' title="bbox 284 3091 1569 4248">
     <span class='ocr_line' id='line_1_24' title="bbox 391 3091 1568 3180; baseline 0.001 -24"><span class='ocrx_word' id='word_1_216' title='bbox 391 3093 505 3180; x_wconf 90' lang='lat' dir='ltr'><strong>turpis,</strong></span> <span class='ocrx_word' id='word_1_217' title='bbox 535 3092 662 3158; x_wconf 85' lang='lat' dir='ltr'><strong>cf.Att</strong></span> <span class='ocrx_word' id='word_1_218' title='bbox 685 3092 748 3179; x_wconf 92' lang='lat' dir='ltr'>III,</span> <span class='ocrx_word' id='word_1_219' title='bbox 780 3093 831 3179; x_wconf 90' lang='grc'><strong>15,</strong></span> <span class='ocrx_word' id='word_1_220' title='bbox 860 3093 891 3157; x_wconf 90' lang='grc'><strong>4.</strong></span> <span class='ocrx_word' id='word_1_221' title='bbox 923 3092 1000 3178; x_wconf 89' lang='lat' dir='ltr'>VH,</span> <span class='ocrx_word' id='word_1_222' title='bbox 1022 3093 1076 3178; x_wconf 92' lang='grc'><strong>21,</strong></span> <span class='ocrx_word' id='word_1_223' title='bbox 1102 3093 1131 3158; x_wconf 90' lang='grc'><strong>3.</strong></span> <span class='ocrx_word' id='word_1_224' title='bbox 1162 3091 1258 3179; x_wconf 85' lang='lat' dir='ltr'>VIII,</span> <span class='ocrx_word' id='word_1_225' title='bbox 1280 3092 1310 3178; x_wconf 89' lang='grc'><strong>3,</strong></span> <span class='ocrx_word' id='word_1_226' title='bbox 1334 3092 1363 3157; x_wconf 92' lang='grc'><strong>3.</strong></span> <span class='ocrx_word' id='word_1_227' title='bbox 1392 3091 1455 3177; x_wconf 90' lang='grc' dir='ltr'>ΙΧ,</span> <span class='ocrx_word' id='word_1_228' title='bbox 1479 3091 1509 3178; x_wconf 89' lang='grc'>9,</span> <span class='ocrx_word' id='word_1_229' title='bbox 1532 3092 1568 3176; x_wconf 87' lang='grc'><strong>3;</strong></span> 
     </span>
     <span class='ocr_line' id='line_1_25' title="bbox 287 3197 1569 3286; baseline -0.002 -21"><span class='ocrx_word' id='word_1_230' title='bbox 287 3200 338 3286; x_wconf 92' lang='grc'>12,</span> <span class='ocrx_word' id='word_1_231' title='bbox 361 3200 390 3264; x_wconf 92' lang='grc'><strong>2.</strong></span> <span class='ocrx_word' id='word_1_232' title='bbox 421 3199 465 3286; x_wconf 90' lang='grc' dir='ltr'>Χ,</span> <span class='ocrx_word' id='word_1_233' title='bbox 489 3199 518 3286; x_wconf 90' lang='grc'>8,</span> <span class='ocrx_word' id='word_1_234' title='bbox 542 3201 576 3282; x_wconf 87' lang='grc'><strong>2;</strong></span> <span class='ocrx_word' id='word_1_235' title='bbox 600 3199 630 3286; x_wconf 91' lang='grc'>8,</span> <span class='ocrx_word' id='word_1_236' title='bbox 653 3200 688 3282; x_wconf 84' lang='grc'><strong>4;</strong></span> <span class='ocrx_word' id='word_1_237' title='bbox 720 3200 924 3286; x_wconf 65' lang='lat' dir='ltr'>12a1316,</span> <span class='ocrx_word' id='word_1_238' title='bbox 958 3199 988 3264; x_wconf 90' lang='grc'><strong>3.</strong></span> <span class='ocrx_word' id='word_1_239' title='bbox 1019 3199 1096 3284; x_wconf 94' lang='lat' dir='ltr'>XV,</span> <span class='ocrx_word' id='word_1_240' title='bbox 1127 3200 1157 3284; x_wconf 89' lang='grc'><strong>3,</strong></span> <span class='ocrx_word' id='word_1_241' title='bbox 1195 3203 1227 3282; x_wconf 83' lang='grc'>1;</span> <span class='ocrx_word' id='word_1_242' title='bbox 1257 3199 1311 3284; x_wconf 93' lang='grc'>27,</span> <span class='ocrx_word' id='word_1_243' title='bbox 1346 3199 1376 3264; x_wconf 95' lang='grc'><strong>3.</strong></span> <span class='ocrx_word' id='word_1_244' title='bbox 1410 3198 1503 3286; x_wconf 88' lang='lat' dir='ltr'><strong>epist.</strong></span> <span class='ocrx_word' id='word_1_245' title='bbox 1525 3197 1569 3263; x_wconf 92' lang='lat' dir='ltr'><strong>ad</strong></span> 
     </span>
     <span class='ocr_line' id='line_1_26' title="bbox 284 3303 1569 3394; baseline 0 -25"><span class='ocrx_word' id='word_1_246' title='bbox 284 3305 361 3370; x_wconf 81' lang='lat' dir='ltr'><strong>fam.</strong></span> <span class='ocrx_word' id='word_1_247' title='bbox 394 3305 475 3391; x_wconf 93' lang='lat' dir='ltr'>XII,</span> <span class='ocrx_word' id='word_1_248' title='bbox 509 3307 540 3390; x_wconf 91' lang='lat'>4,</span> <span class='ocrx_word' id='word_1_249' title='bbox 576 3309 604 3372; x_wconf 92' lang='grc'>1.</span> <span class='ocrx_word' id='word_1_250' title='bbox 638 3305 679 3373; x_wconf 93' lang='lat' dir='ltr'><strong>de</strong></span> <span class='ocrx_word' id='word_1_251' title='bbox 717 3317 779 3394; x_wconf 91' lang='lat' dir='ltr'><strong>pet.</strong></span> <span class='ocrx_word' id='word_1_252' title='bbox 814 3328 901 3372; x_wconf 90' lang='lat' dir='ltr'><strong>cons.</strong></span> <span class='ocrx_word' id='word_1_253' title='bbox 925 3307 954 3372; x_wconf 90' lang='lat'><strong>8.</strong></span> <span class='ocrx_word' id='word_1_254' title='bbox 989 3307 1055 3372; x_wconf 85' lang='lat' dir='ltr'><strong>Att</strong></span> <span class='ocrx_word' id='word_1_255' title='bbox 1078 3305 1155 3390; x_wconf 93' lang='lat' dir='ltr'>XV,</span> <span class='ocrx_word' id='word_1_256' title='bbox 1181 3306 1231 3392; x_wconf 91' lang='grc'><strong>10,</strong></span> <span class='ocrx_word' id='word_1_257' title='bbox 1264 3305 1459 3392; x_wconf 86' lang='lat' dir='ltr'><strong>llegimus:</strong></span> <span class='ocrx_word' id='word_1_258' title='bbox 1489 3303 1569 3392; x_wconf 90' lang='lat' dir='ltr'><strong>quid</strong></span> 
     </span>
     <span class='ocr_line' id='line_1_27' title="bbox 284 3410 1568 3501; baseline 0 -24"><span class='ocrx_word' id='word_1_259' title='bbox 284 3410 437 3500; x_wconf 85' lang='lat' dir='ltr'><strong>turpius?</strong></span> <span class='ocrx_word' id='word_1_260' title='bbox 459 3413 539 3500; x_wconf 92' lang='lat' dir='ltr'><strong>quid</strong></span> <span class='ocrx_word' id='word_1_261' title='bbox 554 3412 706 3479; x_wconf 88' lang='lat' dir='ltr'><strong>foedius?</strong></span> <span class='ocrx_word' id='word_1_262' title='bbox 728 3412 815 3501; x_wconf 90' lang='lat' dir='ltr'><strong>quod</strong></span> <span class='ocrx_word' id='word_1_263' title='bbox 838 3435 957 3478; x_wconf 90' lang='lat' dir='ltr'><strong>munus</strong></span> <span class='ocrx_word' id='word_1_264' title='bbox 980 3414 1016 3478; x_wconf 93' lang='lat' dir='ltr'><strong>in</strong></span> <span class='ocrx_word' id='word_1_265' title='bbox 1038 3411 1208 3500; x_wconf 89' lang='lat' dir='ltr'><strong>republica</strong></span> <span class='ocrx_word' id='word_1_266' title='bbox 1224 3411 1414 3478; x_wconf 79' lang='lat' dir='ltr'><strong>sordidius?</strong></span> <span class='ocrx_word' id='word_1_267' title='bbox 1437 3411 1479 3477; x_wconf 85' lang='lat' dir='ltr'><strong>cf.</strong></span> <span class='ocrx_word' id='word_1_268' title='bbox 1502 3412 1568 3477; x_wconf 84' lang='lat' dir='ltr'><strong>Att.</strong></span> 
     </span>
     <span class='ocr_line' id='line_1_28' title="bbox 285 3517 1569 3608; baseline -0.002 -23"><span class='ocrx_word' id='word_1_269' title='bbox 285 3519 380 3604; x_wconf 92' lang='lat' dir='ltr'>VIII,</span> <span class='ocrx_word' id='word_1_270' title='bbox 411 3521 441 3606; x_wconf 88' lang='lat'>3,</span> <span class='ocrx_word' id='word_1_271' title='bbox 474 3521 508 3588; x_wconf 86' lang='lat'><strong>3:</strong></span> <span class='ocrx_word' id='word_1_272' title='bbox 539 3520 619 3607; x_wconf 92' lang='lat' dir='ltr'><strong>quid</strong></span> <span class='ocrx_word' id='word_1_273' title='bbox 642 3520 796 3587; x_wconf 79' lang='lat' dir='ltr'><strong>foedius?</strong></span> <span class='ocrx_word' id='word_1_274' title='bbox 833 3521 899 3586; x_wconf 89' lang='lat' dir='ltr'><strong>Att.</strong></span> <span class='ocrx_word' id='word_1_275' title='bbox 930 3520 1025 3607; x_wconf 94' lang='lat' dir='ltr'>XVI,</span> <span class='ocrx_word' id='word_1_276' title='bbox 1057 3522 1086 3606; x_wconf 97' lang='lat'><strong>1,</strong></span> <span class='ocrx_word' id='word_1_277' title='bbox 1119 3524 1135 3586; x_wconf 92' lang='lat'>1</span> <span class='ocrx_word' id='word_1_278' title='bbox 1168 3520 1387 3608; x_wconf 85' lang='lat' dir='ltr'><strong>quidquamne</strong></span> <span class='ocrx_word' id='word_1_279' title='bbox 1417 3517 1569 3607; x_wconf 85' lang='lat' dir='ltr'><strong>turpius?</strong></span> 
     </span>
     <span class='ocr_line' id='line_1_29' title="bbox 285 3623 1568 3715; baseline -0.001 -24"><span class='ocrx_word' id='word_1_280' title='bbox 285 3627 351 3692; x_wconf 89' lang='lat' dir='ltr'><strong>Att.</strong></span> <span class='ocrx_word' id='word_1_281' title='bbox 374 3626 437 3714; x_wconf 90' lang='lat' dir='ltr'>IX,</span> <span class='ocrx_word' id='word_1_282' title='bbox 469 3628 519 3714; x_wconf 92' lang='grc'><strong>10,</strong></span> <span class='ocrx_word' id='word_1_283' title='bbox 542 3629 563 3694; x_wconf 90' lang='lat'><strong>3</strong></span> <span class='ocrx_word' id='word_1_284' title='bbox 586 3627 667 3715; x_wconf 92' lang='lat' dir='ltr'><strong>quid</strong></span> <span class='ocrx_word' id='word_1_285' title='bbox 690 3649 801 3693; x_wconf 89' lang='lat' dir='ltr'><strong>eorum</strong></span> <span class='ocrx_word' id='word_1_286' title='bbox 824 3629 963 3694; x_wconf 83' lang='lat' dir='ltr'><strong>victoria</strong></span> <span class='ocrx_word' id='word_1_287' title='bbox 986 3626 1163 3714; x_wconf 75' lang='lat' dir='ltr'><strong>crudelius,</strong></span> <span class='ocrx_word' id='word_1_288' title='bbox 1186 3626 1265 3713; x_wconf 94' lang='lat' dir='ltr'><strong>quid</strong></span> <span class='ocrx_word' id='word_1_289' title='bbox 1288 3623 1472 3692; x_wconf 81' lang='lat' dir='ltr'><strong>funestius?</strong></span> <span class='ocrx_word' id='word_1_290' title='bbox 1501 3625 1568 3692; x_wconf 89' lang='lat' dir='ltr'><strong>Att.</strong></span> 
     </span>
     <span class='ocr_line' id='line_1_30' title="bbox 285 3731 1568 3822; baseline 0.001 -24"><span class='ocrx_word' id='word_1_291' title='bbox 285 3733 347 3820; x_wconf 92' lang='lat' dir='ltr'>IX,</span> <span class='ocrx_word' id='word_1_292' title='bbox 381 3737 431 3820; x_wconf 89' lang='lat'>14,</span> <span class='ocrx_word' id='word_1_293' title='bbox 467 3741 499 3801; x_wconf 84' lang='lat'><strong>2:</strong></span> <span class='ocrx_word' id='word_1_294' title='bbox 535 3733 653 3822; x_wconf 89' lang='lat' dir='ltr'><strong>ecquid</strong></span> <span class='ocrx_word' id='word_1_295' title='bbox 680 3734 840 3822; x_wconf 89' lang='lat' dir='ltr'><strong>acerbius,</strong></span> <span class='ocrx_word' id='word_1_296' title='bbox 870 3733 989 3822; x_wconf 87' lang='lat' dir='ltr'><strong>ecquid</strong></span> <span class='ocrx_word' id='word_1_297' title='bbox 1019 3731 1210 3800; x_wconf 89' lang='lat' dir='ltr'><strong>crudelius?</strong></span> <span class='ocrx_word' id='word_1_298' title='bbox 1248 3735 1314 3800; x_wconf 84' lang='lat' dir='ltr'><strong>Att.</strong></span> <span class='ocrx_word' id='word_1_299' title='bbox 1344 3733 1441 3820; x_wconf 91' lang='lat' dir='ltr'>VIH,</span> <span class='ocrx_word' id='word_1_300' title='bbox 1472 3734 1503 3820; x_wconf 92' lang='grc'>2,</span> <span class='ocrx_word' id='word_1_301' title='bbox 1534 3735 1568 3800; x_wconf 83' lang='lat'><strong>3:</strong></span> 
     </span>
     <span class='ocr_line' id='line_1_31' title="bbox 284 3839 1569 3929; baseline 0.001 -24"><span class='ocrx_word' id='word_1_302' title='bbox 284 3839 346 3907; x_wconf 91' lang='lat' dir='ltr'><strong>hoc</strong></span> <span class='ocrx_word' id='word_1_303' title='bbox 369 3842 529 3928; x_wconf 90' lang='lat' dir='ltr'><strong>miserius,</strong></span> <span class='ocrx_word' id='word_1_304' title='bbox 551 3842 614 3907; x_wconf 91' lang='lat' dir='ltr'><strong>hoc</strong></span> <span class='ocrx_word' id='word_1_305' title='bbox 635 3842 763 3928; x_wconf 88' lang='lat' dir='ltr'><strong>turpius</strong></span> <span class='ocrx_word' id='word_1_306' title='bbox 786 3839 988 3929; x_wconf 86' lang='lat' dir='ltr'><strong>quidquam?</strong></span> <span class='ocrx_word' id='word_1_307' title='bbox 1014 3880 1053 3890; x_wconf 97' lang='lat'>—</span> <span class='ocrx_word' id='word_1_308' title='bbox 1078 3852 1160 3906; x_wconf 90' lang='lat' dir='ltr'><strong>tum:</strong></span> <span class='ocrx_word' id='word_1_309' title='bbox 1187 3840 1253 3906; x_wconf 84' lang='lat' dir='ltr'><strong>Att.</strong></span> <span class='ocrx_word' id='word_1_310' title='bbox 1276 3840 1373 3926; x_wconf 89' lang='lat' dir='ltr'>XVI,</span> <span class='ocrx_word' id='word_1_311' title='bbox 1396 3842 1425 3926; x_wconf 92' lang='grc'>7,</span> <span class='ocrx_word' id='word_1_312' title='bbox 1449 3840 1483 3906; x_wconf 82' lang='lat' dir='ltr'><strong>b:</strong></span> <span class='ocrx_word' id='word_1_313' title='bbox 1506 3839 1569 3906; x_wconf 92' lang='lat' dir='ltr'><strong>hoc</strong></span> 
     </span>
     <span class='ocr_line' id='line_1_32' title="bbox 284 3946 1568 4037; baseline -0.001 -24"><span class='ocrx_word' id='word_1_314' title='bbox 284 3969 363 4014; x_wconf 88' lang='lat' dir='ltr'><strong>vero</strong></span> <span class='ocrx_word' id='word_1_315' title='bbox 386 3947 469 4014; x_wconf 93' lang='lat' dir='ltr'><strong>nihil</strong></span> <span class='ocrx_word' id='word_1_316' title='bbox 491 3949 631 4037; x_wconf 83' lang='lat' dir='ltr'><strong>turpius3</strong></span> <span class='ocrx_word' id='word_1_317' title='bbox 655 3950 697 4014; x_wconf 85' lang='lat' dir='ltr'><strong>cl.</strong></span> <span class='ocrx_word' id='word_1_318' title='bbox 731 3951 797 4015; x_wconf 83' lang='lat' dir='ltr'><strong>Att.</strong></span> <span class='ocrx_word' id='word_1_319' title='bbox 820 3948 864 4035; x_wconf 91' lang='lat' dir='ltr'>II,</span> <span class='ocrx_word' id='word_1_320' title='bbox 890 3950 941 4036; x_wconf 90' lang='grc'><strong>19,</strong></span> <span class='ocrx_word' id='word_1_321' title='bbox 963 3954 993 4014; x_wconf 81' lang='lat'><strong>4.</strong></span> <span class='ocrx_word' id='word_1_322' title='bbox 1024 3949 1119 4035; x_wconf 91' lang='lat' dir='ltr'>VIII,</span> <span class='ocrx_word' id='word_1_323' title='bbox 1142 3948 1172 4034; x_wconf 94' lang='grc'>2,</span> <span class='ocrx_word' id='word_1_324' title='bbox 1195 3948 1225 4012; x_wconf 95' lang='grc'><strong>2.</strong></span> <span class='ocrx_word' id='word_1_325' title='bbox 1256 3946 1299 4012; x_wconf 86' lang='lat' dir='ltr'><strong>ad</strong></span> <span class='ocrx_word' id='word_1_326' title='bbox 1322 3947 1361 4028; x_wconf 77' lang='lat' dir='ltr'><strong>Q.</strong></span> <span class='ocrx_word' id='word_1_327' title='bbox 1389 3946 1568 4032; x_wconf 83' lang='lat' dir='ltr'>fr.111,1,</span> 
     </span>
     <span class='ocr_line' id='line_1_33' title="bbox 284 4053 1568 4143; baseline 0 -23"><span class='ocrx_word' id='word_1_328' title='bbox 284 4055 338 4121; x_wconf 87' lang='grc'><strong>24.</strong></span> <span class='ocrx_word' id='word_1_329' title='bbox 372 4056 438 4121; x_wconf 86' lang='lat' dir='ltr'><strong>Att.</strong></span> <span class='ocrx_word' id='word_1_330' title='bbox 461 4055 538 4142; x_wconf 89' lang='lat' dir='ltr'>VII,</span> <span class='ocrx_word' id='word_1_331' title='bbox 561 4058 592 4143; x_wconf 92' lang='grc'>2,</span> <span class='ocrx_word' id='word_1_332' title='bbox 615 4057 635 4122; x_wconf 94' lang='grc'>8</span> <span class='ocrx_word' id='word_1_333' title='bbox 659 4077 724 4142; x_wconf 89' lang='lat' dir='ltr'><strong>quo</strong></span> <span class='ocrx_word' id='word_1_334' title='bbox 746 4054 830 4120; x_wconf 90' lang='lat' dir='ltr'><strong>nihil</strong></span> <span class='ocrx_word' id='word_1_335' title='bbox 852 4054 933 4120; x_wconf 93' lang='lat' dir='ltr'><strong>mihi</strong></span> <span class='ocrx_word' id='word_1_336' title='bbox 963 4056 1073 4122; x_wconf 83' lang='lat' dir='ltr'><strong>visum</strong></span> <span class='ocrx_word' id='word_1_337' title='bbox 1095 4064 1144 4120; x_wconf 88' lang='lat' dir='ltr'><strong>est</strong></span> <span class='ocrx_word' id='word_1_338' title='bbox 1167 4053 1367 4120; x_wconf 85' lang='lat' dir='ltr'><strong>sceleratius.</strong></span> <span class='ocrx_word' id='word_1_339' title='bbox 1401 4054 1467 4120; x_wconf 88' lang='lat' dir='ltr'><strong>Att.</strong></span> <span class='ocrx_word' id='word_1_340' title='bbox 1491 4053 1568 4140; x_wconf 88' lang='lat' dir='ltr'>VII,</span> 
     </span>
     <span class='ocr_line' id='line_1_34' title="bbox 287 4159 1568 4248; baseline -0.002 -20"><span class='ocrx_word' id='word_1_341' title='bbox 287 4165 338 4248; x_wconf 89' lang='lat'><strong>11,</strong></span> <span class='ocrx_word' id='word_1_342' title='bbox 364 4163 385 4228; x_wconf 92' lang='grc'><strong>3</strong></span> <span class='ocrx_word' id='word_1_343' title='bbox 411 4173 482 4228; x_wconf 90' lang='lat' dir='ltr'><strong>tum</strong></span> <span class='ocrx_word' id='word_1_344' title='bbox 512 4161 595 4228; x_wconf 90' lang='lat' dir='ltr'><strong>nihil</strong></span> <span class='ocrx_word' id='word_1_345' title='bbox 625 4161 807 4228; x_wconf 89' lang='lat' dir='ltr'><strong>absurdius.</strong></span> <span class='ocrx_word' id='word_1_346' title='bbox 845 4164 911 4228; x_wconf 89' lang='lat' dir='ltr'><strong>Att.</strong></span> <span class='ocrx_word' id='word_1_347' title='bbox 941 4163 1019 4248; x_wconf 87' lang='lat' dir='ltr'>VH,</span> <span class='ocrx_word' id='word_1_348' title='bbox 1051 4163 1122 4248; x_wconf 88' lang='lat' dir='ltr'>13a,</span> <span class='ocrx_word' id='word_1_349' title='bbox 1152 4162 1174 4226; x_wconf 93' lang='grc'><strong>2</strong></span> <span class='ocrx_word' id='word_1_350' title='bbox 1205 4159 1288 4225; x_wconf 92' lang='lat' dir='ltr'><strong>nihil</strong></span> <span class='ocrx_word' id='word_1_351' title='bbox 1319 4182 1390 4226; x_wconf 88' lang='lat' dir='ltr'><strong>esse</strong></span> <span class='ocrx_word' id='word_1_352' title='bbox 1419 4159 1568 4226; x_wconf 90' lang='lat' dir='ltr'><strong>timidius</strong></span> 
     </span>
    </p>
   </div>
   <div class='ocr_carea' id='block_1_5' title="bbox 283 4373 1568 4888">
    <p class='ocr_par' dir='ltr' id='par_1_9' title="bbox 283 4373 1568 4625">
     <span class='ocr_line' id='line_1_35' title="bbox 391 4373 1566 4444; baseline -0.001 -16"><span class='ocrx_word' id='word_1_353' title='bbox 391 4378 412 4444; x_wconf 89' lang='lat'><strong>¹)</strong></span> <span class='ocrx_word' id='word_1_354' title='bbox 430 4378 494 4430; x_wconf 77' lang='lat' dir='ltr'><strong>Alia</strong></span> <span class='ocrx_word' id='word_1_355' title='bbox 511 4378 687 4443; x_wconf 84' lang='lat' dir='ltr'><strong>deminutiva,</strong></span> <span class='ocrx_word' id='word_1_356' title='bbox 706 4393 776 4444; x_wconf 85' lang='lat' dir='ltr'><strong>quae</strong></span> <span class='ocrx_word' id='word_1_357' title='bbox 794 4383 977 4444; x_wconf 85' lang='lat' dir='ltr'><strong>contemptum</strong></span> <span class='ocrx_word' id='word_1_358' title='bbox 989 4378 1151 4444; x_wconf 82' lang='lat' dir='ltr'><strong>exprimunt,</strong></span> <span class='ocrx_word' id='word_1_359' title='bbox 1170 4383 1246 4429; x_wconf 87' lang='lat' dir='ltr'><strong>sunt:</strong></span> <span class='ocrx_word' id='word_1_360' title='bbox 1266 4377 1400 4428; x_wconf 82' lang='lat' dir='ltr'><strong>homullus</strong></span> <span class='ocrx_word' id='word_1_361' title='bbox 1418 4377 1472 4427; x_wconf 88' lang='lat' dir='ltr'><strong>Pis.</strong></span> <span class='ocrx_word' id='word_1_362' title='bbox 1485 4373 1521 4428; x_wconf 89' lang='grc'><strong>59</strong></span> <span class='ocrx_word' id='word_1_363' title='bbox 1534 4404 1566 4413; x_wconf 98' lang='grc'>-</span> 
     </span>
     <span class='ocr_line' id='line_1_36' title="bbox 283 4462 1568 4533; baseline -0.001 -17"><span class='ocrx_word' id='word_1_364' title='bbox 283 4465 439 4518; x_wconf 89' lang='lat' dir='ltr'><strong>homunculi</strong></span> <span class='ocrx_word' id='word_1_365' title='bbox 463 4468 540 4533; x_wconf 85' lang='lat' dir='ltr'><strong>epist.</strong></span> <span class='ocrx_word' id='word_1_366' title='bbox 566 4467 601 4520; x_wconf 86' lang='lat' dir='ltr'><strong>ad</strong></span> <span class='ocrx_word' id='word_1_367' title='bbox 626 4469 689 4519; x_wconf 81' lang='lat' dir='ltr'><strong>fam.</strong></span> <span class='ocrx_word' id='word_1_368' title='bbox 709 4469 757 4532; x_wconf 88' lang='lat' dir='ltr'>IV,</span> <span class='ocrx_word' id='word_1_369' title='bbox 781 4467 807 4531; x_wconf 90' lang='grc'>5,</span> <span class='ocrx_word' id='word_1_370' title='bbox 825 4465 850 4532; x_wconf 82' lang='lat'>4,</span> <span class='ocrx_word' id='word_1_371' title='bbox 870 4469 905 4520; x_wconf 83' lang='lat' dir='ltr'><strong>oi.</strong></span> <span class='ocrx_word' id='word_1_372' title='bbox 925 4470 955 4531; x_wconf 80' lang='lat' dir='ltr'><strong>Q.</strong></span> <span class='ocrx_word' id='word_1_373' title='bbox 975 4467 1075 4519; x_wconf 82' lang='lat' dir='ltr'><strong>Caecil.</strong></span> <span class='ocrx_word' id='word_1_374' title='bbox 1099 4467 1224 4518; x_wconf 79' lang='lat' dir='ltr'><strong>Metellus</strong></span> <span class='ocrx_word' id='word_1_375' title='bbox 1250 4467 1281 4519; x_wconf 91' lang='lat'><strong>0.</strong></span> <span class='ocrx_word' id='word_1_376' title='bbox 1300 4467 1332 4519; x_wconf 83' lang='lat' dir='ltr'><strong>R.</strong></span> <span class='ocrx_word' id='word_1_377' title='bbox 1355 4465 1387 4520; x_wconf 83' lang='lat' dir='ltr'><strong>ir.</strong></span> <span class='ocrx_word' id='word_1_378' title='bbox 1406 4483 1432 4532; x_wconf 91' lang='lat' dir='ltr'><strong>p.</strong></span> <span class='ocrx_word' id='word_1_379' title='bbox 1451 4462 1505 4518; x_wconf 77' lang='lat'><strong>274</strong></span> <span class='ocrx_word' id='word_1_380' title='bbox 1522 4466 1568 4530; x_wconf 66' lang='grc'>11,,</span> 
     </span>
     <span class='ocr_line' id='line_1_37' title="bbox 284 4552 1129 4625; baseline 0.001 -18"><span class='ocrx_word' id='word_1_381' title='bbox 284 4553 371 4608; x_wconf 86' lang='lat' dir='ltr'><strong>Plaut.</strong></span> <span class='ocrx_word' id='word_1_382' title='bbox 390 4555 466 4622; x_wconf 79' lang='lat' dir='ltr'><strong>(lapt.</strong></span> <span class='ocrx_word' id='word_1_383' title='bbox 485 4555 529 4623; x_wconf 89' lang='grc'><strong>51,</strong></span> <span class='ocrx_word' id='word_1_384' title='bbox 548 4557 616 4608; x_wconf 88' lang='lat' dir='ltr'><strong>Rud.</strong></span> <span class='ocrx_word' id='word_1_385' title='bbox 637 4554 707 4610; x_wconf 78' lang='lat'>1545</span> <span class='ocrx_word' id='word_1_386' title='bbox 726 4585 760 4594; x_wconf 95' lang='lat'>-</span> <span class='ocrx_word' id='word_1_387' title='bbox 779 4552 902 4625; x_wconf 74' lang='grc' dir='ltr'>ἀνδράριον</span> <span class='ocrx_word' id='word_1_388' title='bbox 919 4557 964 4607; x_wconf 80' lang='lat' dir='ltr'><strong>Ar.</strong></span> <span class='ocrx_word' id='word_1_389' title='bbox 983 4555 1050 4608; x_wconf 75' lang='lat' dir='ltr'><strong>Aah.</strong></span> <span class='ocrx_word' id='word_1_390' title='bbox 1069 4554 1129 4610; x_wconf 86' lang='lat'><strong>517.</strong></span> 
     </span>
    </p>

    <p class='ocr_par' dir='ltr' id='par_1_10' title="bbox 283 4638 1567 4888">
     <span class='ocr_line' id='line_1_38' title="bbox 389 4638 1567 4710; baseline -0.003 -14"><span class='ocrx_word' id='word_1_391' title='bbox 389 4645 517 4696; x_wconf 86' lang='lat' dir='ltr'><strong>Vetulam</strong></span> <span class='ocrx_word' id='word_1_392' title='bbox 534 4659 600 4698; x_wconf 86' lang='lat' dir='ltr'><strong>sane</strong></span> <span class='ocrx_word' id='word_1_393' title='bbox 618 4651 646 4697; x_wconf 87' lang='lat' dir='ltr'><strong>et</strong></span> <span class='ocrx_word' id='word_1_394' title='bbox 670 4645 815 4697; x_wconf 88' lang='lat' dir='ltr'><strong>multarum</strong></span> <span class='ocrx_word' id='word_1_395' title='bbox 834 4645 988 4710; x_wconf 86' lang='lat' dir='ltr'><strong>nuptiarum</strong></span> <span class='ocrx_word' id='word_1_396' title='bbox 1014 4644 1069 4697; x_wconf 78' lang='lat' dir='ltr'><strong>Cic.</strong></span> <span class='ocrx_word' id='word_1_397' title='bbox 1089 4645 1166 4710; x_wconf 84' lang='lat' dir='ltr'><strong>epist.</strong></span> <span class='ocrx_word' id='word_1_398' title='bbox 1185 4644 1221 4695; x_wconf 86' lang='lat' dir='ltr'><strong>sd</strong></span> <span class='ocrx_word' id='word_1_399' title='bbox 1239 4645 1303 4696; x_wconf 76' lang='lat' dir='ltr'><strong>lam.</strong></span> <span class='ocrx_word' id='word_1_400' title='bbox 1322 4643 1398 4708; x_wconf 85' lang='grc' dir='ltr'>ΧΠΙ,</span> <span class='ocrx_word' id='word_1_401' title='bbox 1424 4638 1467 4706; x_wconf 87' lang='grc'>29,</span> <span class='ocrx_word' id='word_1_402' title='bbox 1487 4639 1567 4710; x_wconf 79' lang='lat' dir='ltr'><strong>1(cf.</strong></span> 
     </span>
     <span class='ocr_line' id='line_1_39' title="bbox 284 4728 1567 4798; baseline 0 -16"><span class='ocrx_word' id='word_1_403' title='bbox 284 4732 322 4782; x_wconf 87' lang='lat' dir='ltr'><strong>mi</strong></span> <span class='ocrx_word' id='word_1_404' title='bbox 345 4733 435 4784; x_wconf 80' lang='lat' dir='ltr'><strong>vetule</strong></span> <span class='ocrx_word' id='word_1_405' title='bbox 459 4733 536 4798; x_wconf 90' lang='lat' dir='ltr'><strong>epist.</strong></span> <span class='ocrx_word' id='word_1_406' title='bbox 560 4734 595 4784; x_wconf 85' lang='lat' dir='ltr'><strong>sd</strong></span> <span class='ocrx_word' id='word_1_407' title='bbox 620 4734 684 4786; x_wconf 86' lang='lat' dir='ltr'><strong>lam.</strong></span> <span class='ocrx_word' id='word_1_408' title='bbox 707 4735 767 4798; x_wconf 88' lang='lat' dir='ltr'>VII,</span> <span class='ocrx_word' id='word_1_409' title='bbox 793 4731 836 4798; x_wconf 85' lang='lat'><strong>16,</strong></span> <span class='ocrx_word' id='word_1_410' title='bbox 861 4731 944 4785; x_wconf 83' lang='lat' dir='ltr'><strong>ised</strong></span> <span class='ocrx_word' id='word_1_411' title='bbox 970 4732 1000 4783; x_wconf 89' lang='lat' dir='ltr'><strong>in</strong></span> <span class='ocrx_word' id='word_1_412' title='bbox 1026 4733 1124 4784; x_wconf 85' lang='lat' dir='ltr'><strong>bonam</strong></span> <span class='ocrx_word' id='word_1_413' title='bbox 1151 4733 1265 4798; x_wconf 81' lang='lat' dir='ltr'><strong>partem)</strong></span> <span class='ocrx_word' id='word_1_414' title='bbox 1285 4761 1317 4769; x_wconf 98' lang='lat'>—</span> <span class='ocrx_word' id='word_1_415' title='bbox 1337 4733 1372 4783; x_wconf 83' lang='lat' dir='ltr'><strong>cf.</strong></span> <span class='ocrx_word' id='word_1_416' title='bbox 1397 4728 1484 4783; x_wconf 85' lang='lat' dir='ltr'><strong>Lucil</strong></span> <span class='ocrx_word' id='word_1_417' title='bbox 1507 4730 1567 4782; x_wconf 87' lang='lat' dir='ltr'><strong>VII.</strong></span> 
     </span>
     <span class='ocr_line' id='line_1_40' title="bbox 283 4818 1247 4888; baseline -0.001 -16"><span class='ocrx_word' id='word_1_418' title='bbox 283 4819 338 4874; x_wconf 73' lang='grc'><strong>234</strong></span> <span class='ocrx_word' id='word_1_419' title='bbox 356 4837 394 4886; x_wconf 87' lang='lat' dir='ltr'><strong>sq.</strong></span> <span class='ocrx_word' id='word_1_420' title='bbox 413 4822 533 4873; x_wconf 77' lang='lat' dir='ltr'><strong>vetulam</strong></span> <span class='ocrx_word' id='word_1_421' title='bbox 551 4829 632 4888; x_wconf 89' lang='lat' dir='ltr'><strong>atque</strong></span> <span class='ocrx_word' id='word_1_422' title='bbox 651 4822 768 4874; x_wconf 79' lang='lat' dir='ltr'><strong>virosam</strong></span> <span class='ocrx_word' id='word_1_423' title='bbox 784 4822 788 4887; x_wconf 93' lang='grc' dir='ltr'>Ι</span> <span class='ocrx_word' id='word_1_424' title='bbox 804 4837 921 4873; x_wconf 88' lang='lat' dir='ltr'><strong>uxerem.</strong></span> <span class='ocrx_word' id='word_1_425' title='bbox 941 4827 968 4872; x_wconf 92' lang='lat' dir='ltr'><strong>et</strong></span> <span class='ocrx_word' id='word_1_426' title='bbox 981 4820 1068 4874; x_wconf 83' lang='lat' dir='ltr'><strong>Plaut.</strong></span> <span class='ocrx_word' id='word_1_427' title='bbox 1088 4823 1166 4872; x_wconf 84' lang='lat' dir='ltr'><strong>Most.</strong></span> <span class='ocrx_word' id='word_1_428' title='bbox 1186 4818 1247 4874; x_wconf 87' lang='grc'><strong>269.</strong></span> 
     </span>
    </p>
   </div>
   <div class='ocr_carea' id='block_1_6' title="bbox 0 0 1950 5808">
    <p class='ocr_par' dir='ltr' id='par_1_11' title="bbox 0 0 1950 5808">
     <span class='ocr_line' id='line_1_41' title="bbox 0 0 1950 5808; baseline 0 0"><span class='ocrx_word' id='word_1_429' title='bbox 0 0 1950 5808; x_wconf 95' lang='lat' dir='ltr'><strong> </strong></span> 
     </span>
    </p>
   </div>
  </div>
 </body>
</html>
