3892 5808
362 553 383 615 6
842 573 1008 616 suvaaruus
1030 572 1160 613 sanna
1570 561 1646 632 [1821

363 765 441 848 §2:
477 764 572 829 Licet
595 761 703 828 dicere
733 773 766 827 et
788 761 932 826 Ennium
964 782 1128 824 summum
1154 760 1284 846 epicum
1306 769 1444 846 poetam,
1473 759 1502 822 si
1525 759 1578 822 cui
1600 758 1648 822 ita

362 870 494 936 videtur
516 880 549 936 et
571 870 754 935 Pacuvium
776 868 939 954 tragicum
962 876 994 932 et
1016 865 1198 934 Caecilium
1221 865 1360 930 fortasse
1382 865 1553 930 comicum.

470 977 648 1058 Quaeritur
670 975 818 1062 denique,
848 974 927 1062 quid
951 972 993 1038 de
1015 973 1130 1038 Plauto
1162 972 1277 1039 Cicero
1301 973 1449 1038 senserit.
1487 970 1584 1054 Quod
1607 970 1648 1037 de

364 1084 426 1150 boc
448 1085 670 1149 Romanorum
694 1105 810 1148 scenae
834 1083 905 1146 sine
928 1081 1028 1146 dubio
1043 1079 1282 1168 perfectissimo
1305 1091 1436 1145 auctore
1459 1080 1518 1144 vix
1540 1078 1648 1144 tribus

364 1203 556 1278 quattuorve
589 1189 671 1255 locis
701 1188 938 1276 aliquantulum
970 1187 1067 1272 dicat,
1101 1197 1151 1252 est
1184 1186 1328 1273 profecto
1361 1185 1448 1273 quod
1481 1187 1647 1252 miremur.

365 1298 501 1364 Plautus
524 1296 651 1362 scilicet
678 1319 773 1383 saepe
803 1305 871 1360 tam
894 1294 997 1360 libere
1020 1293 1150 1359 fabulas
1177 1293 1322 1360 Graecas
1345 1294 1484 1359 vertisse
1506 1292 1648 1360 videtur,

365 1416 402 1470 ut
424 1404 532 1470 colore
562 1415 595 1469 et
616 1403 730 1469 babitu
754 1401 886 1468 fabulae
917 1400 1065 1468 Graecae
1088 1411 1252 1466 attenuato
1283 1401 1334 1464 sui
1357 1401 1481 1486 ingenii
1508 1399 1649 1485 vestigia

366 1512 471 1598 magis
502 1511 710 1598 imprimeret
749 1503 922 1574 Praeterea
952 1507 1089 1573 Plautus
1118 1509 1160 1571 iis
1182 1508 1263 1595 ipsis
1293 1508 1480 1593 virtutibus,
1509 1529 1591 1594 quas
1612 1507 1649 1570 in

366 1619 519 1685 Terentio
541 1619 656 1685 (licere
679 1616 911 1702 admirabatur,
933 1615 1047 1680 caruit.
1070 1615 1110 1680 In
1134 1613 1191 1678 illo
1212 1614 1315 1700 igitur
1336 1615 1541 1702 potissimum
1564 1613 1649 1678 auti-

366 1727 521 1814 quitatem
538 1735 569 1790 et
584 1725 727 1812 priscam
749 1723 819 1788 rim
835 1723 994 1789 sermonis
1017 1721 1277 1808 gravitatemque
1292 1723 1404 1807 magni
1421 1721 1605 1786 aestimarit
1616 1723 1648 1807 ¹),

366 1845 437 1899 tum
459 1831 603 1898 indolem
625 1829 788 1919 quandam
804 1831 959 1914 nativam,
982 1831 1120 1917 quaein
1144 1829 1368 1894 conviciorum
1391 1851 1452 1893 usu
1472 1839 1504 1894 et
1518 1827 1650 1894 iocandi

367 1963 487 2027 genere
510 1978 552 1987 -
575 1960 642 2004 nou
663 1937 722 2003 illo
744 1937 876 2024 quidem
900 1959 1027 2024 semper
1050 1937 1175 2002 urbano
1197 1947 1229 2001 et
1252 1935 1403 2020 facet02),
1427 1934 1485 2000 scd
1507 1935 1650 2001 naturali

368 2047 508 2134 quodam
537 2046 648 2133 lepore
677 2045 801 2131 insigni
825 2084 867 2092 —
890 2043 978 2130 apud
1007 2043 1096 2109 bunc
1126 2043 1288 2108 lascivum
1322 2041 1458 2108 Thaliae
1480 2041 1650 2107 alumnum

369 2154 482 2219 elucet.
519 2154 572 2218 Ex
594 2154 636 2217 iis
658 2151 749 2238 locis,
780 2152 897 2238 quibus
928 2151 969 2216 de
996 2151 1112 2216 Plauto
1134 2151 1250 2236 agitur,
1281 2172 1367 2214 unus
1390 2151 1483 2236 quasi
1514 2148 1649 2214 adrem

368 2261 563 2349 propositam
586 2260 736 2346 pertinet.
758 2259 850 2324 Dicit
872 2259 959 2324 enim
982 2257 1097 2325 Oicero
1121 2258 1172 2322 off.
1199 2262 1227 2344 1,
1251 2259 1328 2323 104:
1363 2256 1496 2344 Duplex
1519 2257 1651 2321 omnino

370 2380 420 2434 est
440 2367 571 2434 iocandi
593 2389 710 2452 genus:
734 2388 836 2430 uuum
852 2365 1023 2450 illiberale,
1045 2364 1205 2452 petulans,
1228 2364 1436 2451 flagitiosum,
1459 2363 1651 2448 obscenum3

369 2475 507 2541 alterum
531 2473 673 2560 elegans,
703 2473 874 2552 urbanum,
905 2473 1121 2559 ingeniosum,
1152 2471 1303 2537 facetum.
1342 2472 1416 2552 Quo
1443 2493 1562 2558 genere
1585 2491 1651 2536 nou

370 2581 466 2646 modo
495 2579 632 2644 Plautus
662 2591 694 2644 et
716 2577 899 2644 Atticorum
931 2579 1064 2665 antiqua
1088 2578 1263 2662 comoedia,
1294 2578 1352 2643 sed
1382 2579 1480 2643 etiam
1510 2577 1652 2664 pbiloso-

370 2688 509 2775 phorum
532 2686 772 2752 Socraticorum
796 2685 873 2751 libri
896 2685 1009 2751 referti
1033 2695 1118 2752 sunt.

478 2792 641 2879 Equidem
655 2792 780 2858 idcirco
794 2792 883 2858 hunc
898 2792 1005 2858 locum
1021 2791 1111 2856 nullo
1126 2791 1223 2857 modo
1239 2791 1368 2857 silentio
1379 2789 1653 2880 praetereundum

371 2922 443 2965 esse
465 2900 588 2985 putavi,
619 2898 706 2985 puod
730 2898 811 2964 mihi
833 2900 948 2968 Cicero
971 2921 1036 2964 non
1060 2899 1131 2964 sine
1154 2898 1264 2985 aliqua
1286 2920 1385 2965 causa
1413 2896 1499 2964 hanc
1522 2907 1652 2963 senteu-

370 3009 449 3074 tiam
473 3009 700 3094 pronuntiasse
723 3005 862 3071 videtur.
900 3006 1004 3072 Nemo
1028 3017 1077 3070 est
1100 3007 1196 3088 enim,
1223 3006 1302 3092 quin
1325 3004 1501 3092 intellegat,
1523 3003 1652 3072 Cicero-

372 3137 447 3180 nem
477 3113 532 3178 bic
561 3112 651 3178 haud
680 3123 768 3178 recte
801 3112 978 3195 iudicasse;
1008 3135 1084 3176 nam
1107 3113 1167 3178 vix
1191 3111 1258 3177 dici
1290 3122 1394 3198 potest
1416 3111 1569 3176 Plautum
1596 3133 1653 3176 ve-

372 3232 519 3308 teresque
542 3220 726 3285 Atticorum
750 3220 891 3284 comicos
913 3219 1021 3306 priore
1044 3218 1110 3304 illo,
1133 3218 1220 3306 quod
1236 3219 1357 3304 statuit,
1379 3240 1499 3304 genere
1522 3217 1653 3283 iocandi

372 3327 578 3393 abstinuisse.
601 3325 667 3394 Sed
689 3336 797 3391 orator
819 3363 863 3374 -
885 3327 1025 3390 nisime
1048 3327 1157 3390 omnia
1172 3324 1292 3390 fallunt
1315 3363 1358 3372 -
1382 3347 1457 3390 cum
1480 3325 1567 3411 apud
1590 3325 1654 3390 'l'e-

373 3436 514 3499 rentium
525 3435 668 3520 inopiam
680 3432 866 3515 verborum,
879 3433 997 3520 quibus
1009 3433 1159 3498 inimicos
1171 3455 1246 3496 suos
1257 3431 1475 3517 inveheretur,
1491 3431 1619 3497 videret
1628 3433 1654 3518 ⁸)

373 3541 511 3628 ideoque
533 3540 686 3605 Plautum
707 3540 770 3606 sibi
793 3539 979 3605 adeundum
1004 3562 1075 3605 esse
1097 3549 1236 3627 putaret,
1260 3563 1303 3604 ex
1319 3539 1465 3604 consulto
1481 3563 1501 3604 a
1516 3541 1654 3605 veritate

374 3648 516 3732 deflexit,
547 3659 582 3712 ut
604 3648 759 3713 ementita
783 3646 969 3711 comoediae
992 3647 1183 3711 auctoritate
1207 3646 1356 3712 convicia
1378 3669 1439 3710 sua
1461 3669 1526 3710 non
1549 3645 1654 3710 solum

375 3777 533 3821 excusare
563 3754 620 3819 sed
651 3753 748 3818 etiam
779 3753 814 3817 iu
844 3753 885 3816 iis
915 3752 1109 3818 adhibendis
1142 3751 1358 3818 urbanitatem
1368 3757 1393 3834 4)
1424 3752 1487 3818 sibi
1509 3752 1653 3818 tribuere

374 3872 491 3950 posset.
525 3862 638 3947 Longe
660 3882 738 3925 vero
762 3859 886 3944 absum,
917 3869 953 3924 ut
974 3858 1059 3925 hauc
1083 3860 1277 3924 sententiam
1308 3860 1405 3924 etiam
1436 3871 1533 3946 atque
1556 3861 1654 3924 etiam

375 3991 531 4057 premam,
553 3967 611 4032 sed
633 3967 773 4032 fortasse
795 3966 879 4032 alius
901 3989 1028 4054 quoque
1050 3966 1141 4032 locus
1157 3966 1250 4031 illum
1273 3989 1372 4053 supra
1395 3968 1530 4032 citatum
1545 3967 1655 4054 aliqua

377 4098 419 4141 ex
441 4087 532 4162 parte
554 4073 739 4161 explicabit.
762 4073 847 4139 Nam
869 4075 904 4137 in
928 4074 1072 4139 oratione
1094 4095 1153 4160 pro
1175 4074 1218 4138 M.
1242 4073 1352 4140 (laelio
1375 4072 1530 4139 hocloco
1553 4078 1597 4161 (3,
1612 4076 1655 4160 6),

485 4312 505 4365 ¹)
524 4309 557 4358 de
575 4314 641 4359 orat.
660 4309 686 4373 3,
705 4305 754 4361 44:
773 4308 863 4358 Plauti
882 4308 967 4358 oratio
986 4307 1175 4372 antiquitatem
1192 4307 1322 4357 redolens.

485 4395 503 4463 ²)
523 4397 566 4450 off.
586 4396 610 4460 1,
630 4394 694 4450 104:
713 4398 826 4448 Plautus
844 4399 963 4447 urbanus
982 4402 1009 4447 et
1027 4397 1139 4446 facetus.

486 4483 504 4551 ³)
523 4487 622 4537 Notum
646 4492 687 4537 est
704 4486 868 4549 Terentium,
893 4486 1011 4550 exceptis
1029 4485 1131 4550 aliquot
1155 4485 1312 4550 vulgaribus
1331 4485 1489 4548 maledictis,
1514 4501 1583 4551 quae
1600 4485 1656 4550 ple·

377 4589 490 4641 rumque
502 4575 672 4626 substantiva
683 4575 711 4624 in
725 4590 784 4624 -o
803 4573 930 4625 exeuntia
947 4573 1068 4624 efficiunt
1086 4589 1126 4625 ex.
1146 4589 1185 4638 gr.
1198 4573 1303 4637 nebulo,
1323 4575 1442 4636 verbero,
1461 4574 1568 4624 omniuo
1580 4589 1656 4639 praa·

378 4680 488 4730 parcum
507 4679 565 4714 esse
583 4665 612 4714 in
630 4663 799 4716 contumeliis
818 4663 983 4713 adhibendis.

485 4751 506 4818 ⁴)
525 4753 565 4804 cf.
579 4753 656 4817 epist.
669 4752 703 4802 ad
716 4753 780 4802 iam.
793 4752 854 4816 VII,
873 4750 916 4814 32,
935 4748 966 4801 2:
986 4751 1155 4802 Urbanitatis
1173 4751 1375 4816 possessiouem,
1395 4751 1499 4815 amabo,
1517 4751 1657 4816 quibusvis

378 4842 528 4894 interdictis
547 4841 734 4905 defendamus3
753 4841 781 4890 iu
801 4856 854 4906 qua
873 4848 899 4891 te
918 4856 1000 4890 uuum
1019 4845 1116 4903 metuo,
1137 4845 1277 4891 contemno
1296 4847 1407 4892 ceteros.
