3892 5808
288 531 360 602 [193]
827 558 1039 600 oosruuuursu
1527 539 1568 602 17

284 747 348 811 nisi
371 746 557 833 impudicus
581 757 612 811 et
634 769 738 812 vorax
762 757 793 812 et
816 746 886 813 aleo
897 749 923 830 ¹)
937 785 981 796 -·
997 750 1049 834 57,
1073 748 1093 814 8
1117 749 1222 834 magis
1245 771 1350 814 vorax
1373 748 1501 814 adulter
1524 787 1568 798 -

285 855 337 940 33,
360 855 382 918 4
405 852 703 940 culovoraoiore²);
728 853 769 920 cf.
785 853 948 940 Aristoph.
972 853 1054 919 Ach.
1072 856 1149 920 119:
1173 849 1411 944 ὦθερμόβουλον
1433 859 1569 945 πρωκτὰν

286 953 450 1050 ἐξυρημένε.

391 1067 474 1134 Oum
505 1068 684 1134 voracitate
715 1068 905 1154 saepissime
928 1066 1107 1134 vinolentia
1138 1069 1355 1153 coniungitur.
1394 1069 1508 1137 Cicero
1532 1081 1568 1135 ut

286 1174 424 1240 delicata
441 1174 593 1241 convivia
603 1175 629 1261 ³)
651 1173 706 1261 (of.
729 1176 795 1240 Att.
812 1176 843 1260 2,
866 1176 917 1260 14,
943 1176 984 1260 1),
1007 1175 1053 1240 ita
1068 1175 1166 1240 etiam
1186 1175 1319 1262 potandi
1343 1175 1532 1242 aviditatem
1542 1178 1568 1263 4)

285 1283 469 1347 contemnit
503 1280 551 1348 of.
578 1280 764 1368 ,ebriosus“
791 1292 824 1346 et
856 1281 1007 1368 ,οίινίιιοα
1033 1280 1124 1348 Gatil.
1148 1283 1178 1367 2,
1204 1283 1258 1365 10;
1289 1282 1371 1350 Soet.
1395 1284 1450 1365 203
1483 1282 1566 1348 Phil.

283 1390 313 1473 2,
337 1389 388 1454 67.
412 1389 442 1472 3,
465 1389 575 1454 35-
598 1387 787 1454 vinulentus
818 1387 911 1452 furor
933 1389 1025 1476 epist.
1049 1388 1092 1452 ad
1114 1387 1190 1453 fam.
1218 1390 1267 1474 12,
1293 1391 1343 1475 25,
1367 1390 1389 1453 4
1411 1427 1454 1437 -
1479 1409 1567 1454 com-

283 1495 420 1562 bibones
451 1496 542 1582 epist.
566 1493 609 1559 ad
631 1493 707 1559 fam.
732 1497 762 1580 9,
784 1496 837 1580 25,
860 1497 881 1560 2
904 1533 948 1544 --
972 1494 1014 1561 cf.
1037 1494 1141 1560 Lucil.
1165 1495 1252 1582 apud
1286 1496 1369 1560 Non.
1392 1519 1423 1582 p.
1447 1497 1499 1582 38,
1525 1497 1566 1560 12

283 1613 315 1668 et
330 1601 492 1690 Aristoph.
504 1602 642 1690 Lysistr.
661 1603 760 1668 1227:
772 1603 1122 1691 συμπότης-παροίνιος
1130 1601 1211 1667 Aah.
1228 1591 1410 1690 981,'Vesp.
1430 1603 1514 1669 1300
1524 1641 1566 1651 -

283 1711 441 1799 φιλοπότης
470 1708 569 1795 Vesp.
601 1711 657 1792 793
687 1708 802 1794 Eupol.
833 1709 873 1774 ir.
904 1709 969 1774 208
1000 1709 1042 1774 K.
1066 1747 1109 1757 -
1133 1704 1157 1772 ὦ
1188 1719 1320 1798 γυναῖκες
1343 1704 1366 1773 ὦ
1389 1711 1566 1774 ποτίσταται

282 1816 445 1904 Aristoph.
467 1815 596 1880 Thesm.
621 1816 686 1882 735
703 1853 746 1863 -
761 1815 929 1881 merobiba
953 1826 1049 1902 atque
1076 1815 1250 1882 multibiba
1273 1816 1375 1881 Plaut
1399 1815 1495 1882 Ourc.
1513 1819 1565 1884 77.

282 1923 407 1990 Comici
430 1923 547 2004 virisl)
569 1923 762 2010 plerumque
773 1921 987 1988 vinolentiam
1001 1923 1189 2009 ignoscunt:
1213 1921 1255 1988 cf.
1278 1922 1442 2010 Aristoph.
1466 1922 1565 2010 Vesp.

283 2033 326 2096 79
350 2053 395 2117 sq.
419 2031 495 2118 αὕτη
519 2053 555 2119 γε
577 2041 713 2118 χρηστῶν
737 2032 798 2094 ὲοτι
830 2021 940 2117 ἀνδρῶν
956 2035 974 2118 η
990 2031 1069 2104 νόσος
1092 2029 1149 2115 (sc.
1166 2026 1235 2094 εἶναι
1252 2030 1434 2118 φιλοπότην).
1457 2030 1565 2095 Ιιιιιιιο

282 2159 353 2203 voc.
399 2129 583 2224 ὑδατοπότης
617 2135 808 2226 (Phrynich.
843 2135 882 2200 fr.
917 2137 962 2202 69³
991 2135 1046 2218 K.)
1085 2148 1117 2202 et
1150 2137 1461 2226 κρουνοχυτρολήραιος
1495 2139 1564 2221 (Ar.

283 2245 403 2331 Equiti.
432 2245 487 2331 89)
518 2243 743 2330 significantur
765 2244 839 2330 viri,
870 2245 926 2330 qui
948 2253 1079 2330 propter
1108 2242 1282 2329 idipsum,
1305 2242 1392 2331 quod
1422 2266 1507 2331 aqua
1530 2265 1565 2310 se

280 2351 494 2438 ingurgitant,
517 2352 634 2418 mentis
663 2351 852 2416 incitatione
882 2360 914 2416 ct
936 2360 1026 2415 motu
1058 2352 1204 2438 careut⁸)
1227 2387 1270 2398 -
1294 2349 1335 2416 cf.
1366 2360 1459 2416 notos
1489 2349 1564 2416 illos

282 2458 407 2525 Cratini
430 2479 548 2524 versus
569 2457 622 2541 (ir.
648 2457 711 2524 199
734 2457 804 2544 Κ.);

494 2615 565 2694 οἶνός
586 2643 632 2684 τοι
655 2621 784 2708 χαρίεντι
806 2618 891 2683 πέλει
913 2619 1007 2706 ταχὺς
1029 2619 1114 2692 ἵππος
1138 2609 1228 2700 ἀοιδῷ

496 2717 571 2814 ὕδωρ
596 2721 629 2790 δὲ
651 2727 740 2790 πίνων
762 2716 846 2790 οὐδὲν
868 2721 903 2788 ἂν
927 2725 1008 2790 τέκοι
1031 2725 1127 2812 σοφόν.

388 2887 496 2951 Etiam
519 2885 700 2952 Aeschines
729 2885 808 2951 talia
830 2884 979 2972 proferre
1005 2906 1104 2949 ausus
1127 2894 1176 2949 est
1200 2905 1262 2950 sec.
1285 2885 1379 2949 Dem.
1403 2883 1476 2949 fals.
1499 2883 1561 2972 leg.

280 2993 337 3058 46:
360 2985 443 3058 οὐδὲν
472 2994 654 3080 θαυμαστόν,
678 2988 703 3056 ὦ
725 2985 825 3081 ἄνδρες
847 2992 1008 3082 Ἀθηναῖοι,
1031 2991 1073 3081 μὴ
1095 2992 1194 3056 ταύτὰ
1217 2993 1281 3078 ἐμοὶ
1303 2994 1353 3054 καὶ
1376 2993 1558 3081 Δημοσθένει

281 3092 382 3164 δοκεῖν·
406 3094 489 3174 οὗτος
511 3101 643 3190 μὲνγὰρ
665 3093 754 3188 ὕδωρ,
779 3101 840 3187 ἐγὼ
864 3091 896 3164 δὲ
920 3096 992 3164 οἶνον
1013 3101 1097 3164 πίνω.

387 3206 451 3274 Sed
474 3206 549 3273 nolo
576 3206 617 3272 ab
641 3228 688 3293 eo,
711 3205 798 3294 quod
820 3207 981 3294 proposui,
1003 3205 1133 3292 longius
1156 3203 1293 3290 digredi.
1323 3205 1436 3271 Restat
1459 3227 1561 3271 unum

280 3313 522 3380 substantivum
551 3311 761 3400 abstractum,
792 3311 878 3400 quod
908 3313 971 3378 hoc
1000 3311 1074 3378 loco
1103 3311 1306 3378 afferendum
1337 3322 1398 3377 est:
1429 3311 1561 3379 malum.

283 3419 426 3504 ,Malum
447 3421 628 3486 interiectio
655 3431 705 3486 est
726 3419 917 3486 irascentis“
943 3419 1076 3484 adnotat
1103 3417 1258 3506 Calpurn.
1282 3417 1325 3483 ad
1347 3419 1420 3484 Ter.
1444 3420 1562 3485 Heaut

387 3671 404 3738 1)
425 3673 484 3724 Ηοο
503 3688 567 3724 saue
585 3669 667 3724 nimis
683 3671 785 3722 torvide
804 3677 845 3722 est
863 3671 1010 3724 dictumst
1028 3671 1056 3722 iu
1075 3671 1230 3722 memoriam
1244 3675 1355 3721 revocat
1373 3669 1428 3722 Cic.
1448 3667 1520 3722 Phil.
1534 3670 1560 3736 3,

279 3761 327 3814 35:
347 3761 467 3826 impuris,
485 3761 636 3827 impudicis,
655 3760 820 3812 aleatoribus
834 3760 942 3811 servire.
960 3760 1027 3811 Alco
1043 3765 1084 3810 sat
1102 3760 1189 3810 forma
1201 3759 1332 3826 vulgaris,
1344 3760 1379 3810 ci.
1392 3759 1475 3811 Naev.
1489 3759 1560 3824 apud

279 3851 355 3902 Paul.
374 3849 417 3913 29,
442 3851 568 3915 Pompon.
600 3851 671 3915 apud
694 3850 763 3900 Non.
782 3846 844 3914 147,
863 3848 888 3902 3.
919 3849 1013 3900 (liceto
1037 3853 1143 3900 tantm
1168 3849 1254 3898 forma
1278 3849 1396 3899 urbam
1423 3847 1558 3912 ,aleator“

278 3940 363 3991 utitur
381 3945 408 3990 et
426 3940 533 3990 omuino
551 3939 620 3990 haec
637 3941 721 3992 subst.
741 3939 800 3990 in·o
818 3939 945 3988 exeuntia
962 3937 1065 3988 evitare
1083 3941 1205 3989 conatur.

386 4026 404 4095 ²)
424 4028 516 4080 eodem
535 4042 628 4078 seusu:
647 4043 742 4078 vorare
761 4027 858 4078 Catuli.
878 4024 923 4092 80,
940 4025 972 4092 63
990 4025 1036 4090 88,
1054 4024 1096 4079 18.
1155 4029 1158 4034 '

386 4115 464 4184 'ici
484 4115 550 4168 Cato
584 4115 615 4168 Ο.
635 4117 665 4168 R.
685 4118 719 4166 fr.
737 4133 763 4182 p.
783 4115 817 4168 72
836 4116 886 4168 Μ.;
912 4115 958 4182 qui
983 4120 1104 4166 ventrem
1129 4129 1207 4164 suum
1224 4129 1278 4164 uon
1301 4129 1349 4179 pro
1368 4112 1444 4164 hoste
1468 4113 1559 4179 habet,

278 4206 324 4274 qul
342 4221 388 4272 pro
407 4206 545 4272 republica
563 4221 617 4256 uon
640 4220 687 4272 pro
706 4221 755 4256 sua
774 4204 819 4272 (se.
838 4202 875 4271 rs)
899 4205 1012 4255 obsouat
1030 4209 1080 4255 cat.
1100 4203 1171 4256 Plut.
1190 4203 1239 4253 vit.
1271 4201 1329 4254 Cat.
1348 4201 1366 4255 9
1384 4203 1452 4253 talia
1476 4201 1560 4253 verba

277 4296 377 4347 oratori
394 4297 501 4346 tribuit:
524 4291 566 4345 rba
583 4291 609 4345 tt
633 4292 768 4362 ὑπέρπαχυν
797 4290 899 4354 κακίζων
939 4295 1001 4342 »ποῦ
1019 4291 1042 4342 δ’
1061 4293 1115 4356 iv«,
1134 4287 1187 4360 ἔφη,
1214 4291 1301 4360 »σῶμα
1319 4293 1426 4342 τοιοῦτον
1443 4295 1473 4362 τῇ
1490 4289 1558 4340 πόλει

276 4382 369 4453 γίνοιτο
386 4383 512 4452 χρήσιμον,
531 4376 560 4434 oi
578 4381 605 4434 rb
625 4381 710 4453 μεταξυ
728 4381 818 4452 λαιμοῦ·
834 4379 877 4434 καὶ
896 4379 1023 4450 βουβώνων
1040 4381 1088 4431 πᾶν
1104 4377 1149 4431 iar-b
1168 4383 1211 4445 τῆς
1229 4377 1334 4450 γαστρὸς
1352 4379 1501 4448 antipater«.

383 4472 402 4538 ⁴)
423 4473 465 4526 Oi.
485 4474 646 4540 cognomina
663 4473 734 4538 apud
753 4474 901 4524 Romanos:
920 4472 1007 4536 Briso,
1026 4471 1127 4535 Culleo,
1146 4471 1229 4523 Mero.

384 4560 402 4629 ι)
422 4563 473 4614 Sad
490 4577 628 4629 uunquam
652 4561 818 4613 mulieribus.
846 4560 985 4612 Permulta
1009 4560 1131 4625 exempla
1156 4560 1227 4625 apud
1250 4558 1384 4624 Aristoph.
1409 4559 1450 4610 Oi.
1475 4558 1558 4609 etiam

276 4651 343 4703 Cato
367 4652 398 4703 0.
426 4653 458 4704 R.
478 4653 510 4702 ir.
529 4667 555 4717 p.
576 4647 613 4702 77
630 4651 679 4702 ri:
706 4649 730 4700 si
747 4649 841 4700 vinum
864 4649 941 4718 bibit,
964 4650 1067 4702 sicum
1092 4648 1181 4700 alieno
1205 4649 1263 4700 viro
1286 4645 1377 4713 probri
1401 4645 1465 4713 quid
1483 4646 1557 4714 fecit,

276 4741 476 4794 condemnatur.

383 4828 401 4897 ⁸)
422 4831 463 4883 Oi.
483 4831 555 4895 Otto,
575 4829 682 4882 Archiv.
701 4829 741 4881 1v
759 4826 846 4896 (1887)
866 4844 892 4894 p.
911 4827 972 4882 355.

1539 4931 1556 4983 2
