3892 5808
266 477 347 548 'l201l
812 503 1024 546 0000011001Αο
1514 482 1558 550 25

271 691 315 760 cf.
340 691 463 758 bardus
485 690 590 758 Plaut.
613 691 702 758 Pers.
727 692 800 779 170,
824 691 942 758 Bacch.
968 693 1063 778 1088,
1086 692 1182 781 Epid.
1205 694 1270 760 421
1292 695 1467 760 -brutus
1491 695 1557 763 cie.

271 800 731 886 Au6,1‚25;14,14,2.

380 907 478 972 Nunc
500 928 615 972 rursus
638 905 877 994 aliquantulum
898 905 1066 993 digrediar
1088 929 1223 974 necesse
1239 918 1297 994 est,
1320 919 1357 974 ut
1380 906 1420 974 de
1436 908 1560 996 aliquot

274 1013 458 1082 maledictis
480 1012 638 1080 nonnulla
659 1013 832 1101 proferam,
862 1036 947 1100 quae
969 1013 1057 1101 apud
1079 1014 1269 1082 Ciceronem
1296 1015 1439 1082 inveniri
1462 1038 1558 1082 nemo

273 1119 455 1206 mirabitur,
484 1121 514 1184 si
543 1120 682 1186 oratoris
704 1121 851 1186 animum
873 1121 922 1186 rei
953 1119 1105 1208 publicae
1127 1143 1237 1186 amore
1267 1121 1435 1188 ardentem
1462 1145 1559 1210 repu-

272 1225 365 1292 tabit.
402 1227 443 1292 In
473 1225 535 1293 hac
566 1248 602 1292 re
634 1224 768 1294 Plautus
800 1225 1025 1294 tautummodo
1054 1248 1187 1314 perraro
1217 1228 1253 1292 in
1283 1229 1558 1314 comparationem

274 1333 386 1400 vocari
408 1343 541 1421 poterat.

379 1441 561 1528 Praecipue
589 1441 693 1527 igitur
724 1441 812 1507 cives
844 1440 1013 1508 seditiosos
1036 1442 1186 1527 stregai
1218 1440 1420 1508 affectatores
1441 1441 1558 1510 (liceto

270 1549 418 1634 exagitat
441 1570 558 1636 eosque
582 1549 740 1616 nominat:
763 1547 954 1636 parricidas,
984 1546 1093 1614 hostes
1116 1549 1165 1614 rei
1187 1547 1348 1635 publicae,
1378 1548 1558 1636 proditores

271 1656 406 1742 patriae,
428 1665 595 1744 tyrannos.

380 1763 455 1830 Vox
487 1762 652 1850 parricida
662 1762 686 1849 ¹)
717 1762 805 1852 apud
835 1773 993 1833 oratorem
1025 1763 1136 1829 varias
1165 1761 1265 1828 habet
1294 1762 1559 1850 significationes.

273 1869 597 1956 1110111111
623 1892 699 1936 eum
722 1869 895 1956 significat,
928 1869 985 1958 qui
1015 1868 1206 1957 parentibus
1237 1881 1376 1936 mortem
1405 1869 1557 1956 obtulit¹)

269 1974 329 2062 (cf.
353 1975 384 2042 S.
408 1977 501 2044 Rosa.
525 1978 578 2062 25,
603 1979 658 2061 7ος
682 1987 760 2044 orat.
784 1979 836 2063 30,
861 1977 938 2064 107)
963 1987 995 2042 01
1018 1975 1192 2062 respondet
1215 1976 1320 2044 Plaut.
1335 1977 1455 2044 Pseud.
1478 1977 1557 2046 362:

273 2082 447 2170 parricida.
471 2084 570 2150 Haud
592 2083 634 2150 ab
657 2107 693 2150 re
713 2085 776 2150 erit
799 2107 901 2150 unum
924 2083 1033 2152 locum
1049 2107 1067 2150 e
1083 2083 1240 2152 Cicerone
1262 2085 1333 2171 ipso
1356 2084 1480 2170 aliene,
1503 2085 1560 2170 qui

272 2188 394 2257 similia
410 2191 567 2258 eontinet:
591 2192 748 2278 Vatini),
773 2193 813 2256 11
838 2190 992 2278 legimus:
1015 2191 1109 2258 Licet
1124 2192 1258 2279 impune
1277 2213 1336 2279 per
1350 2214 1403 2258 ma
1418 2191 1558 2278 parietes

271 2297 320 2380 [in
336 2297 569 2384 adulescentia]
594 2297 786 2386 perfoderis,
809 2299 936 2366 vicinos
959 2297 1156 2385 compilaris,
1179 2308 1317 2364 matrem
1333 2297 1558 2380 verberatae.

274 2403 339 2470 Hic
362 2406 471 2470 1111110
495 2404 537 2472 cf.
560 2405 666 2472 Plaut.
690 2405 807 2472 Pseud.
831 2407 909 2472 963:
933 2405 1116 2492 perforator
1138 2405 1298 2492 parietum
1306 2409 1343 2492 ⁴),
1365 2406 1456 2472 Asin.
1479 2406 1557 2474 563:

273 2509 330 2576 ubi
360 2513 499 2599 parietes
523 2512 713 2599 perfoderis,
743 2513 779 2578 in
801 2512 890 2578 furto
913 2513 970 2580 ubi
1002 2513 1047 2578 sis
1070 2512 1251 2599 prehensus
1282 2523 1315 2580 et
1338 2512 1455 2580 Pseud.
1479 2514 1558 2582 355;

273 2617 488 2686 verberavisti
512 2630 637 2707 patrem
661 2630 757 2707 atque
780 2631 925 2686 matrem.

380 2725 577 2814 Plerumque
589 2738 699 2794 tamen
711 2726 772 2792 hoc
786 2725 960 2793 maledieto
973 2727 1094 2794 civium
1111 2725 1291 2794 liberorum
1302 2726 1559 2809 interfectorem)

263 2841 306 2900 ,01
327 2833 451 2919 patriae
473 2832 654 2920 proditores
670 2844 832 2900 notantur.
856 2833 905 2902 Of.
921 2834 1032 2900 Vatin.
1057 2835 1109 2920 15,
1131 2835 1188 2900 351
1211 2849 1303 2902 estne
1317 2834 1420 2919 igitur
1436 2835 1559 2922 patriae

272 2940 475 3008 certissimus
505 2940 694 3028 parricida?
732 2940 816 3008 Phil.
839 2943 869 3029 4,
892 2943 923 3028 2,
947 2945 981 3008 5;
1011 2940 1137 3008 hostem
1160 2940 1255 3006 illum
1287 2951 1319 3008 et
1341 2941 1501 3008 latronem
1528 2951 1560 3008 et

272 3046 471 3131 parricidam
495 3049 626 3134 patriae.
657 3047 740 3113 Phil.
765 3051 816 3134 11,
840 3051 869 3133 9,
893 3050 934 3116 21
961 3070 1036 3114 cum
1059 3071 1079 3114 a
1102 3047 1221 3136 populo
1244 3053 1389 3114 Romano
1412 3048 1559 3136 pestiferi

269 3154 361 3219 cives
384 3155 631 3242 parricidaeque
665 3155 873 3222 desciverint
909 3154 991 3220 Phil.
1027 3156 1079 3241 12,
1114 3156 1144 3240 6,
1181 3155 1222 3220 13
1257 3153 1335 3222 huic
1358 3155 1460 3240 igitur
1494 3155 1555 3222 im-

272 3272 411 3349 portuno
434 3273 530 3349 atque
553 3262 681 3351 impuro
705 3262 902 3350 parricidae3
925 3263 967 3330 cf.
990 3261 1085 3331 catil.
1111 3265 1139 3349 1,
1165 3265 1214 3348 12,
1239 3264 1294 3346 29,
1318 3261 1402 3327 Phil.
1427 3263 1457 3348 8,
1480 3265 1509 3348 3,
1527 3264 1560 3348 8,

273 3369 325 3453 13,
350 3369 400 3454 19,
424 3370 476 3436 42.
509 3371 560 3456 13,
584 3371 614 3456 9,
638 3371 690 3436 21.
728 3371 794 3436 Att.
833 3371 881 3455 10,
908 3372 958 3455 10,
987 3371 1017 3436 5.
1053 3369 1145 3456 epist.
1180 3369 1222 3436 ad
1245 3368 1322 3434 fam.
1359 3370 1409 3456 10,
1439 3371 1492 3455 23,
1524 3371 1558 3450 3;

272 3476 324 3561 23,
348 3477 377 3542 5.
403 3478 453 3562 12,
476 3478 505 3562 3,
532 3480 564 3561 1;
589 3477 640 3564 15,
662 3479 692 3542 4.
716 3475 758 3542 ad
782 3477 870 3542 Brut.
895 3479 923 3563 1,
950 3479 999 3561 15,
1023 3477 1053 3542 5.
1077 3476 1121 3542 ad
1143 3475 1214 3542 001.
1238 3477 1267 3541 6.

379 3584 501 3649 Hostis.
524 3582 618 3650 Oatil.
643 3586 672 3669 1,
696 3585 747 3658 13,
775 3585 820 3652 33
843 3583 951 3649 hostes
974 3583 1106 3669 patriae.
1128 3582 1224 3652 Catil.
1248 3585 1277 3668 2,
1307 3585 1336 3670 6,
1361 3585 1403 3649 12
1427 3593 1463 3648 ut
1485 3605 1559 3671 per·

272 3689 377 3756 ditum
400 3691 506 3756 civem
530 3713 569 3756 ac
592 3713 657 3756 non
680 3692 787 3776 potius
811 3700 846 3756 ut
868 3690 1184 3778 importunissimum
1206 3689 1340 3755 hostem.
1373 3690 1482 3755 Vatiu.
1508 3693 1558 3758 ll.

272 3797 317 3862 26
340 3797 561 3884 impurissime
585 3799 629 3886 [et
651 3797 881 3886 perditissime]
906 3797 1017 3864 hostis.
1040 3796 1123 3864 Phil.
1147 3798 1177 3882 5,
1200 3799 1230 3882 8,
1252 3799 1310 3863 21;
1332 3798 1557 3864 taeterrimum

380 4069 399 4132 ¹)
418 4068 458 4120 cf.
479 4067 627 4133 Woelfflin,
646 4067 754 4118 Archiv.
773 4069 827 4118 XII
846 4065 938 4132 (1901)
956 4084 982 4132 p.
1003 4064 1054 4119 171
1074 4083 1112 4132 sq.

379 4153 398 4222 ')
417 4156 502 4222 Saepe
526 4156 555 4206 in
578 4156 782 4207 Atheniensium
801 4156 907 4222 legibus
933 4156 999 4207 haec
1023 4156 1140 4206 formula
1159 4156 1290 4208 occurrit:
1316 4151 1355 4204 lav
1369 4171 1402 4214 τις
1420 4151 1492 4213 ἁλοὺς
1511 4157 1555 4219 τῆς

271 4241 406 4304 κακώσεως
425 4245 473 4294 τῶν
490 4243 586 4314 γονέων,
606 4247 641 4296 01.
661 4247 737 4296 Dem.
757 4248 871 4296 Timocr.
892 4242 996 4296 108-
1015 4241 1160 4313 πατραλοίας
1179 4246 1293 4298 Timocr.
1313 4243 1373 4297 102.

380 4332 402 4398 ³)
419 4335 455 4386 ad
473 4336 504 4398 Q.
524 4335 556 4386 fr.
576 4334 600 4400 1,
619 4333 645 4398 2,
664 4333 682 4388 4
701 4335 851 4386 matricida.
870 4335 944 4386 Idem
963 4336 1038 4387 Lact.
1058 4333 1091 4384 de
1110 4340 1187 4387 mort.
1206 4344 1337 4400 persecut.
1357 4349 1379 4388 0.
1398 4333 1423 4386 2.

379 4423 400 4489 ⁴)
419 4422 569 4492 τοιχωρύχος
586 4426 631 4478 Δι’.
646 4424 733 4476 Nubb.
748 4422 826 4488 1327,
845 4425 931 4476 Rauu.
950 4422 1012 4486 773,
1030 4421 1092 4488 807,
1111 4424 1182 4476 Ρ101,
1201 4421 1263 4489 869,
1282 4421 1343 4488 900,
1362 4421 1423 4488 939,
1443 4420 1513 4476 1142
1524 4451 1557 4462 -

271 4515 307 4565 01.
328 4514 404 4567 Dem.
426 4511 469 4578 54,
488 4513 524 4566 37
548 4510 644 4582 τοίχους
667 4509 742 4564 τοίνυν
766 4511 923 4580 διορύττοντες
946 4509 986 4562 καὶ
1009 4509 1116 4571 παίοντες
1140 4511 1194 4571 τοὺς
1218 4509 1372 4576 ἀπαντῶντας
1396 4519 1424 4564 01
1447 4512 1559 4564 Catonis

272 4601 432 4654 locutionem
453 4603 483 4654 Ο.
503 4605 534 4655 R.
555 4604 587 4655 10.
606 4619 631 4668 p.
653 4600 705 4655 148
723 4603 758 4654 Μ.
778 4603 983 4654 recticulariam
1002 4602 1087 4652 vitam
1106 4603 1205 4653 vivere.

380 4689 460 4756 ι101.
480 4693 555 4744 Lact.
574 4692 607 4742 de
626 4697 703 4746 mort.
724 4699 854 4757 persecut.
874 4707 897 4743 0.
918 4689 965 4744 16;
985 4707 1039 4742 000
1057 4691 1185 4756 pusillum
1204 4689 1376 4754 homicidam
1397 4689 1460 4741 ibid.
1480 4705 1503 4740 0.
1523 4687 1558 4741 30

272 4781 431 4831 manifestus
450 4780 593 4833 homicida.
