3892 5808
315 569 389 642 [181]
858 577 1071 620 corruantur
1579 553 1599 618 5

316 788 414 853 quam
427 765 581 831 antheum
589 776 725 852 poetam,
737 765 863 832 scilicet
873 777 1004 853 propter
1014 767 1139 852 ingenii
1151 765 1398 832 similitudinem
1411 765 1599 854 diligentius

317 895 416 960 quam
438 871 630 959 Sophoclem
653 883 686 938 et
708 871 910 961 Aeschylum
934 872 1097 938 lectitasse
1121 873 1252 939 videtur
1263 877 1295 956 1).

422 979 543 1065 Restat,
566 991 603 1045 ut
625 979 666 1045 de
681 979 781 1044 Tullii
805 979 930 1061 studiis,
954 980 1086 1066 quaein
1103 978 1303 1046 comoediam
1327 979 1473 1066 contulit,
1495 1002 1600 1066 pauca

317 1086 499 1152 dieamllt
523 1086 668 1174 prolecto
690 1107 756 1150 non
778 1085 877 1152 valde
899 1087 972 1173 quis
996 1109 1016 1152 a
1038 1087 1187 1152 veritatis
1210 1088 1266 1152 via
1282 1085 1431 1172 declinet,
1455 1087 1482 1151 si
1506 1087 1599 1154 Cice·

316 1194 405 1260 ronir
421 1193 462 1260 de
477 1204 597 1279 vetere,
610 1215 708 1280 quam
724 1192 847 1279 dicunt,
861 1192 1065 1260 Graecorum
1081 1192 1248 1259 comoedia
1268 1192 1399 1259 iudiciis
1415 1195 1599 1259 accuratius

315 1301 484 1388 perpensis
508 1311 667 1366 oratorem
691 1309 821 1386 practer
842 1299 1095 1388 Aristophanem
1119 1311 1151 1366 et
1173 1299 1406 1387 Epicharmum
1431 1299 1599 1366 ferocum

314 1406 406 1472 nullo
437 1406 501 1472 alio
531 1417 624 1494 poeta
646 1407 820 1472 arctiorem
852 1405 1109 1472 familiaritatem
1140 1407 1343 1472 contraxisse
1373 1417 1472 1492 putet.
1510 1406 1600 1487 Quin

315 1514 414 1580 etiam
433 1514 469 1578 in
483 1513 713 1602 Aristophanis
729 1512 905 1580 comoediis
920 1535 987 1578 non
1001 1525 1070 1578 tam
1085 1535 1242 1600 magnum
1259 1513 1405 1579 studium
1421 1513 1600 1579 collocabat

315 1630 348 1688 et
380 1619 458 1686 lieet
491 1643 568 1687 eum
598 1620 660 1708 leg.
694 1623 723 1707 2,
754 1621 795 1687 37
828 1619 1064 1686 facetissimum
1098 1621 1221 1686 veteris
1254 1620 1440 1686 comoediae
1474 1632 1600 1708 postam

315 1726 538 1815 appellaverit,
573 1738 715 1794 attamen
749 1726 906 1814 simplici
926 1726 1073 1793 eiusdem
1103 1739 1135 1793 et
1169 1749 1283 1813 aspero
1313 1727 1446 1794 dicendi
1481 1749 1600 1814 genere

316 1833 489 1900 manifesto
512 1857 745 1922 nonnunquam
762 1833 987 1900 offendebatur
1002 1845 1034 1899 et
1049 1833 1154 1900 solum
1169 1857 1212 1900 ex
1228 1857 1350 1920 eorum,
1372 1858 1452 1922 quos
1469 1846 1600 1900 secutus

316 1951 374 2026 est,
411 1941 603 2007 auctoritate
637 1940 848 2028 Aristophani
886 1942 1039 2028 antiquae
1074 1941 1260 2006 comoediae
1293 1941 1436 2029 palmam
1471 1941 1600 2008 dedisse

317 2047 456 2114 videtur.
494 2048 607 2134 Longe
631 2048 721 2114 aliud
745 2047 931 2135 etquidem
959 2049 1074 2113 maiori
1099 2047 1206 2114 studio
1229 2049 1380 2114 innixum
1404 2048 1445 2114 de
1467 2050 1601 2136 recenti,

316 2177 416 2242 quam
444 2166 571 2239 vocant,
603 2155 770 2222 comoedia
799 2155 913 2223 Cicero
944 2154 1104 2220 iudicium
1135 2155 1218 2221 tulit.
1256 2156 1364 2237 Quam
1390 2155 1601 2221 hauddubie

316 2263 421 2348 magis
445 2261 486 2328 dc
509 2261 630 2328 fabulis
653 2263 780 2328 Latinis
804 2285 846 2327 ex
870 2260 1009 2328 Graecis
1033 2262 1208 2347 conversis,
1231 2284 1330 2349 quam
1352 2285 1395 2327 ex
1417 2263 1488 2350 ipso
1512 2261 1600 2328 fonte

314 2370 414 2454 novit,
444 2370 505 2435 etsi
535 2393 594 2457 pro
625 2380 712 2435 certo
746 2390 850 2457 paene
873 2361 1039 2434 affirmare
1070 2390 1244 2454 possumus
1273 2368 1390 2435 saltem
1417 2368 1601 2454 Menandri,

316 2476 358 2542 de
387 2499 451 2563 quo
481 2475 570 2563 loqui
600 2498 727 2563 semper
757 2475 896 2542 multum
926 2475 1048 2561 gaudet
1058 2475 1091 2561 ²),
1122 2475 1269 2540 notitiam
1301 2475 1433 2542 assidua
1462 2475 1601 2542 lectione

316 2605 390 2650 eum
415 2594 600 2649 assecutum
620 2605 701 2649 esse.
725 2583 900 2670 Propterea
916 2604 1012 2648 nemo
1035 2582 1217 2667 mirabitur,
1239 2582 1326 2669 quod
1342 2582 1456 2649 Cicero
1479 2583 1600 2648 'l'eren-

316 2691 407 2776 tium,
441 2689 534 2754 illum
571 2689 799 2777 „dimidiatum
835 2688 1071 2755 Menandrum
1107 2689 1244 2754 fortasse
1278 2701 1409 2777 propter
1442 2689 1600 2754 sermonis

317 2797 511 2863 suavitatem
539 2808 571 2864 et
594 2796 747 2862 subtilem
778 2817 906 2862 morum
929 2797 1127 2862 notationem
1137 2798 1162 2878 3)
1192 2797 1239 2861 ita
1262 2795 1436 2881 adamavit,
1467 2807 1503 2862 ut
1525 2819 1599 2862 eum

317 2905 417 2970 etiam
433 2903 555 2991 aliquot
578 2904 728 2971 versibus
752 2927 772 2968 a
795 2904 916 2990 seipso
933 2903 1134 2970 elucubratis
1156 2903 1391 2986 honestaverit3
1413 2902 1494 2969 haec
1513 2905 1600 2969 enim

316 3011 352 3076 in
375 3011 543 3076 notissimo
566 3009 624 3076 illo
646 3011 816 3079 Ciceronis
837 3012 873 3075 in
896 3010 1085 3076 Terentium
1110 3011 1253 3076 carmine
1277 3009 1429 3096 legimus:

529 3210 570 3260 Tu
589 3223 700 3274 quoquc,
720 3209 766 3274 qui
784 3208 856 3260 solus
875 3209 944 3259 lecto
963 3223 1094 3272 sermons,
1111 3209 1228 3271 Terenti,

531 3297 695 3347 Conversum
713 3312 919 3364 expressumque
938 3297 1038 3347 Latina
1056 3312 1120 3347 vocs
1139 3297 1315 3347 Menandrum

530 3385 563 3435 Iu
581 3385 698 3435 medium
717 3385 794 3435 nobis
813 3384 913 3436 sedatis
932 3385 1044 3436 vocibus
1063 3386 1149 3436 ecfers

531 3473 664 3540 Quidquid
683 3489 758 3525 come
776 3474 887 3540 loquens
906 3481 988 3540 atque
1007 3473 1097 3525 omnia
1115 3473 1205 3526 dulcia
1223 3473 1323 3525 dicens.

423 3650 527 3716 Multo
562 3650 732 3736 pauciores
770 3649 834 3716 loci
869 3649 1002 3718 Caecilii
1046 3650 1294 3716 admirationem
1327 3659 1488 3715 testantur
1518 3648 1600 3732 ideo,

316 3757 404 3844 qaod
427 3779 502 3824 eum
525 3756 650 3822 malum
673 3757 861 3823 Latinitatis
884 3767 1050 3822 auctorem
1060 3760 1086 3840 ⁴)
1109 3755 1252 3842 putabat,
1278 3778 1474 3843 quamquam
1498 3755 1600 3820 altera

316 3885 360 3932 cx
383 3875 474 3951 parte
496 3886 562 3930 non
582 3862 709 3930 dubitat
732 3887 809 3930 eum
832 3886 996 3930 summum
1013 3863 1176 3929 comicum
1198 3862 1359 3950 appelare,
1382 3861 1424 3929 of.
1448 3873 1510 3949 opt.
1526 3884 1599 3948 gen.

319 4035 586 4048 m

425 4131 445 4198 ¹)
463 4133 504 4184 Cf.
523 4133 556 4183 de
580 4149 613 4183 aa
630 4149 659 4184 re
684 4134 705 4184 1.
730 4148 784 4184 van
808 4133 928 4183 Heusde:
958 4131 1051 4184 Cicero
1079 4128 1233 4200 φιλοπλάτων
1251 4147 1312 4198 pag.
1331 4129 1367 4182 30
1389 4137 1416 4183 at
1443 4133 1473 4182 E.
1493 4133 1600 4196 Lang03

318 4221 388 4283 Quid
406 4237 467 4273 cum
492 4222 524 4272 de
542 4222 651 4288 ingenio
674 4228 701 4272 st
719 4222 817 4272 litteris
836 4227 893 4272 turn
917 4221 950 4272 de
968 4221 1055 4286 posti·
1073 4221 1235 4273 Graecorum
1261 4220 1355 4272 Cicero
1379 4220 1493 4270 sanserit
1510 4217 1600 4286 (Halia

318 4310 381 4361 Sar.
402 4307 490 4377 1880),
510 4327 535 4376 p.
555 4309 590 4363 hh
609 4327 664 4376 sqq.

425 4397 446 4468 ¹)
465 4399 507 4452 Cf.
526 4406 580 4466 opt.
600 4415 660 4466 gon.
679 4398 712 4465 63
733 4398 774 4464 18,
793 4399 838 4452 fin.
859 4398 884 4466 1,
903 4398 933 4465 43
951 4399 1016 4450 ibid.
1037 4398 1061 4464 1,
1080 4399 1106 4452 7.

426 4485 446 4553 ⁸)
465 4488 505 4542 Cf.
525 4490 610 4540 Varro
629 4489 684 4542 Sat.
698 4488 816 4554 Manipp.
836 4503 875 4538 ur.
889 4485 942 4541 399
960 4488 1064 4539 Busch:
1084 4487 1224 4539 Terentius
1236 4487 1264 4538 in
1278 4485 1363 4538 athesi
1375 4485 1462 4551 poscit
1473 4485 1598 4550 palmam.

318 4576 359 4628 Ad
377 4575 448 4630 hanc
466 4577 617 4644 opinionem
636 4577 794 4628 firmandam
812 4577 901 4644 relego
921 4576 955 4627 ad
974 4577 1029 4629 Cic.
1047 4577 1159 4628 decrat.
1178 4573 1204 4640 2,
1223 4574 1284 4639 326,
1304 4575 1350 4626 ubi
1368 4574 1487 4626 Terentii
1499 4574 1600 4626 Andria

317 4671 345 4717 et
362 4665 398 4718 ad
415 4665 509 4718 Caton.
527 4665 571 4731 65,
590 4666 637 4716 ubi
656 4665 774 4717 eiusdem
792 4671 886 4731 poetae
905 4665 1019 4730 adelphi
1037 4679 1203 4730 summopere
1221 4664 1373 4715 laudantur.
1401 4663 1442 4715 Cl.
1461 4671 1601 4728 practerea

318 4756 372 4806 Att.
393 4755 451 4819 Vll,
471 4754 496 4819 3,
516 4753 558 4808 10.

425 4841 446 4905 ⁴)
465 4845 520 4894 Att.
539 4844 601 4907 VII,
619 4840 644 4907 3,
664 4841 706 4896 10.
