3892 5808
269 547 349 619 [196]
813 555 1026 596 6611111111
1514 534 1556 598 19

270 719 422 830 exempla
452 743 624 831 proferam,
654 754 809 831 quantum
832 765 891 831 per
920 742 1017 808 huius
1049 743 1356 810 dissertatiunculae
1387 745 1556 831 angustias

270 851 341 916 fieri
364 861 477 938 potest.

381 957 445 1021 div.
461 958 497 1020 in
512 956 606 1023 (laec.
623 958 653 1042 2,
677 959 749 1022 611
764 954 861 1021 homo
877 956 1037 1042 singulari
1054 958 1240 1044 cupiditate,
1264 957 1410 1045 audacia,
1433 957 1556 1024 scelere

272 1062 468 1152 praeditus...
490 1064 584 1130 Verr.
608 1064 634 1150 Ι,
657 1065 687 1149 2,
704 1065 724 1128 6
741 1064 782 1129 de
797 1063 1000 1148 impudentia
1015 1064 1177 1150 singulari
1192 1103 1234 1112 —
1250 1063 1351 1132 infra:
1373 1087 1433 1152 pro
1449 1076 1557 1131 cetera

271 1171 343 1236 eius
366 1170 504 1236 audacia
527 1180 623 1257 atque
646 1171 796 1235 amentia.
820 1171 914 1235 Verr.
937 1171 963 1256 Ι,
988 1173 1039 1256 12,
1062 1173 1118 1239 331
1143 1181 1179 1236 ut
1202 1171 1345 1258 aliquam
1367 1185 1492 1260 partem
1516 1171 1557 1237 de

273 1278 343 1342 eius
366 1271 568 1363 impudentia
594 1279 731 1342 reticere
754 1278 884 1364 possim.
923 1277 1017 1342 Verr.
1040 1277 1102 1364 ΙΙΙ,
1133 1279 1185 1364 ta,
1220 1279 1296 1344 122;
1328 1278 1416 1344 idem
1439 1278 1557 1344 absens

272 1383 312 1449 de
342 1385 437 1448 istius
469 1383 599 1470 scelere,
632 1385 847 1471 improbitate,
881 1383 1020 1450 audacia
1059 1386 1280 1450 testimonium
1312 1385 1424 1451 dicat?
1463 1387 1557 1451 Verr.

272 1491 313 1575 V,
336 1491 389 1576 26,
422 1492 464 1556 62
487 1489 630 1556 11116116
653 1490 831 1556 hominem!
863 1490 1003 1557 hancine
1025 1491 1271 1578 impudentiam,
1301 1492 1441 1558 iudicesl
1472 1492 1558 1558 hanc

273 1596 457 1663 audaciam!
481 1597 573 1665 Oatil.
599 1600 628 1683 l,
653 1605 669 1662 1
697 1619 794 1684 quem
810 1597 852 1662 ad
867 1597 964 1662 finem
982 1620 1051 1664 sese
1068 1599 1224 1664 effrenata
1239 1599 1375 1664 iactabit
1396 1599 1558 1664 audacia?

271 1703 366 1770 Catil.
391 1707 419 1791 1,
442 1706 473 1791 4,
497 1707 516 1770 8
541 1705 734 1771 convenisse
765 1709 874 1770 eodem
906 1704 1090 1792 complures
1121 1705 1269 1771 eiusdem
1299 1708 1459 1772 amentiae
1487 1729 1557 1772 sce·

273 1811 413 1898 lerisque
444 1811 556 1877 socios.
599 1811 649 1879 of.
680 1811 776 1877 Dem.
807 1812 947 1877 [limccr.
982 1815 1044 1878 177
1076 1823 1158 1878 extr.
1190 1816 1311 1902 αἱρεθεὶς
1335 1805 1371 1878 δ”
1385 1815 1432 1878 ἐπὶ
1462 1824 1558 1878 ταῦτα

274 1922 440 2004 speculare
463 1929 569 1983 τοῦτον
591 1920 643 1983 τὸν
665 1918 784 1982 πάντων
807 1930 868 1982 τῶν
890 1930 990 1983 κακῶν
1013 1921 1156 1984 κοινωνόν.
1193 1919 1288 1988 Catil.
1312 1921 1342 2007 2,
1376 1924 1403 2007 1,
1428 1923 1445 1986 1
1471 1919 1559 1986 0611-

273 2025 376 2090 linam
407 2025 570 2092 furentem
594 2025 740 2112 audacia,
776 2025 884 2090 scelus
907 2025 1123 2091 anhelantem.
1162 2027 1254 2094 Oatil.
1285 2029 1316 2112 2,
1346 2028 1376 2112 6,
1410 2029 1449 2093 11
1483 2049 1559 2092 cum

272 2133 398 2197 luxuria
424 2133 526 2218 nobis,
551 2154 625 2197 cum
649 2133 799 2219 amentia,
830 2155 905 2198 cum
929 2133 1052 2198 scelere
1084 2133 1276 2199 certandum
1300 2145 1356 2200 est.
1394 2135 1504 2200 Vatin.
1528 2136 1558 2220 5,

277 2241 317 2306 13
341 2261 461 2326 quaero
484 2239 542 2304 abs
565 2249 597 2304 te
619 2241 762 2327 primum
786 2241 948 2321 universe,
972 2240 1058 2328 quod
1070 2263 1175 2326 genus
1190 2241 1406 2328 improbitatis
1430 2253 1462 2306 61
1485 2264 1555 2307 166-

273 2346 350 2412 16111
381 2347 416 2410 in
447 2369 484 2411 eo
515 2347 710 2432 magistratu
740 2347 1390 2435 11661661116111717611113,1816861,
1417 2370 1500 2436 quae
1522 2349 1555 2412 in

271 2453 500 2521 Gracchorum
523 2453 691 2519 ferocitate
714 2464 746 2518 et
768 2453 803 2517 in
823 2453 1012 2520 audacia...
1035 2455 1099 2520 Pis.
1123 2456 1176 2540 31,
1201 2457 1242 2521 76
1265 2466 1394 2521 vestrae
1416 2455 1559 2542 fraudes,

274 2573 421 2626 vestrum
444 2559 560 2646 scelus,
583 2570 714 2626 vertrae
738 2561 981 2628 criminationes
1008 2562 1205 2626 insidiarum
1227 2585 1382 2627 mearum.
1421 2562 1503 2628 Phil.
1527 2564 1557 2648 2,

274 2670 306 2752 2,
329 2670 351 2733 4
374 2691 393 2732 o
416 2666 644 2733 incredibilem
668 2667 852 2733 audaciam!
876 2691 894 2732 o
917 2668 1155 2756 impudentiam
1177 2668 1444 2757 praedicandam!
1476 2668 1559 2734 Phil.
1636 2681 1638 2686 '

271 2776 304 2861 2,
328 2776 382 2858 27,
406 2775 449 2840 68
473 2797 492 2838 o
515 2773 687 2840 audaciam
702 2775 891 2840 immanem!
915 2774 999 2840 Phil.
1023 2777 1053 2860 3,
1076 2777 1106 2862 b,
1132 2777 1173 2841 13
1196 2787 1266 2840 tum
1283 2777 1441 2842 statuistis
1461 2777 1559 2841 etiam

274 2883 361 2946 intra
396 2904 507 2946 muros
539 2882 675 2947 Antonii
709 2881 816 2947 scelus
849 2881 1084 2969 audaciamque
1113 2884 1249 2948 versari.
1287 2882 1372 2948 Phil.
1394 2884 1425 2970 3,
1457 2887 1485 2968 7,
1519 2885 1559 2950 18

273 3011 294 3052 6
316 2987 542 3054 admirabilem
573 2989 818 3076 impudentiam,
845 2988 1025 3075 audaciam,
1048 2991 1272 3056 temeritatem.
1310 2988 1383 3055 Phil
1408 2991 1437 3074 8,
1462 2993 1492 3072 7,
1516 2991 1558 3054 21

272 3117 373 3181 quam
401 3095 444 3160 M.
467 3095 602 3160 Antonii
632 3117 698 3160 non
729 3095 835 3160 solum
865 3095 1037 3160 audaciam
1061 3106 1093 3161 et
1116 3095 1232 3183 scelus,
1262 3095 1442 3162 sedetiam
1473 3097 1561 3161 inso-

254 3201 408 3268 rlentiam
432 3202 680 3289 superbiamque
702 3203 936 3290 perspeximus.
969 3205 1060 3290 epist.
1093 3203 1136 3267 ad
1170 3203 1246 3268 fam.
1280 3205 1329 3287 12,
1362 3204 1391 3290 8,
1417 3203 1559 3270 1166111

278 3309 388 3374 affinis
410 3310 459 3373 tui
475 3309 593 3397 Lepidi
617 3332 841 3396 summamque
860 3308 1027 3375 levitatem
1043 3320 1075 3374 et
1090 3309 1342 3376 inconstantiam
1358 3311 1500 3377 aetatis...
1516 3336 1560 3359 -·-

275 3415 315 3480 de
347 3416 645 3504 [1616611664111
677 3439 740 3503 qua
770 3415 893 3481 multae
923 3417 1071 3499 insidiae,
1101 3416 1205 3482 multa
1227 3416 1368 3502 fallacia,
1399 3416 1503 3482 multa
1524 3418 1561 3482 in

271 3524 366 3588 omni
388 3545 507 3608 genere
530 3523 613 3588 vitia
635 3533 817 3610 versantur,
841 3521 1018 3588 multorum
1040 3523 1234 3609 arrogantia,
1258 3523 1435 3588 multorum
1458 3523 1560 3590 male-

274 3629 428 3715 volentia,
459 3629 636 3695 multorum
660 3629 821 3717 superbia,
852 3629 1029 3695 multorum
1052 3629 1163 3694 odium
1190 3651 1229 3695 ac
1252 3630 1400 3696 molestia
1423 3630 1560 3696 ferenda

271 3747 324 3802 611
350 3775 386 3784 --
413 3736 454 3802 cf.
477 3736 544 3802 Att.
568 3737 598 3823 3,
622 3737 650 3821 8,
674 3738 709 3818 4;
733 3737 763 3814 3,
788 3738 838 3823 16,
861 3738 895 3819 4;
920 3739 950 3824 6,
973 3739 1003 3824 2,
1026 3739 1060 3820 9;
1086 3739 1114 3824 7,
1140 3739 1190 3822 14,
1216 3741 1248 3821 1,
1272 3738 1302 3824 9,
1329 3738 1379 3822 10,
1403 3738 1438 3823 3;
1462 3740 1513 3815 10,
1529 3741 1561 3825 4,

276 3845 310 3925 2ς
336 3846 385 3928 11,
411 3844 460 3928 10,
486 3847 519 3927 1;
545 3845 594 3927 11,
617 3844 670 3930 21,
695 3846 727 3926 13
753 3845 804 3930 13,
829 3844 879 3930 16,
900 3845 931 3909 3.
955 3843 996 3909 de
1018 3855 1082 3931 pet.
1105 3866 1193 3909 cons.
1218 3845 1268 3910 10.
1293 3845 1385 3932 epist.
1416 3844 1458 3909 ad
1482 3845 1559 3912 fam.

277 3951 403 4034 1210,
430 3953 460 4032 1;
494 3951 677 4035 12,10,4;
709 3950 893 4036 12,16,1;
926 3951 976 4034 16,
1007 3952 1038 4036 4,
1074 3953 1125 4018 10.
1149 3950 1191 4016 ad
1215 3951 1254 4032 Q.
1277 3950 1318 4016 fr.
1343 3953 1370 4036 1,
1395 3952 1425 4037 2,
1451 3953 1505 4034 14;
1529 3953 1560 4038 2,

277 4057 709 4143 11ἣ32ᾓ311

384 4163 453 4228 1116
475 4163 615 4230 fortasse
638 4162 812 4230 sufficient.
835 4163 932 4230 Nunc
956 4164 998 4229 ad
1014 4163 1150 4230 alteram
1175 4164 1411 4230 dissertationis
1434 4174 1560 4252 partem

274 4280 413 4356 transeo,
443 4270 500 4336 ubi
524 4271 710 4336 accuratius
737 4271 902 4358 inquirere
932 4270 1015 4336 libet
1036 4272 1071 4336 in
1099 4281 1206 4338 cetera
1229 4270 1412 4357 maledicta,
1442 4269 1561 4358 quibus

273 4377 391 4445 Oicero
425 4379 460 4442 in
494 4379 563 4443 suis
596 4378 772 4445 invectivis
802 4388 834 4442 et
864 4377 1013 4465 epistulis
1044 4378 1154 4444 utitur.
1192 4375 1258 4446 Sed
1289 4388 1397 4443 certas
1428 4376 1561 4465 quidam

275 4483 358 4549 ordo
382 4523 425 4532 -—
448 4484 534 4570 quod
565 4485 643 4549 satis
666 4485 877 4572 perspicuum
900 4495 1015 4550 est-
1038 4483 1128 4549 nullo
1151 4484 1246 4550 modo
1276 4483 1331 4551 hic
1355 4484 1481 4550 servari
1503 4507 1560 4571 po-

270 4600 368 4656 terat.
391 4590 539 4656 Primum
563 4576 738 4657 maledicta
761 4591 924 4656 Plautinis
948 4590 1116 4656 simillima
1140 4592 1248 4656 affero.

383 4698 504 4763 Notum
527 4707 577 4764 est
591 4697 754 4784 Plautum,
777 4708 813 4764 ut
824 4699 881 4785 qui
894 4699 964 4786 ipse
979 4697 1096 4764 humili
1111 4720 1232 4784 genere
1251 4708 1346 4763 natus
1362 4707 1394 4763 61
1410 4696 1561 4762 fortunae

274 4803 479 4892 iniquitatem
494 4827 553 4892 per
569 4827 724 4890 magnam
740 4827 817 4870 suae
833 4810 946 4872 aetatis
961 4815 1087 4894 partem
1103 4815 1255 4893 expertus
1272 4814 1365 4890 esset,
1388 4805 1562 4892 praecipue

1528 4930 1562 4982 20
