3892 5808
215 598 218 606 Ι
278 503 351 576 [209]
813 530 1026 575 ceurennum
1413 609 1421 627 ·
1512 510 1555 576 33

379 719 476 785 Nunc
497 719 540 784 ad
563 741 601 785 ea
623 719 797 786 maledieta
819 721 925 806 venio,
956 721 1073 808 quibus
1097 720 1211 787 Cicero
1242 743 1374 786 suorum
1398 721 1553 788 adversa-

272 828 396 892 riorum
419 825 544 892 cultum
567 837 600 892 et
622 826 779 913 habitum,
808 828 952 915 corporis
975 828 1064 914 vitia,
1087 838 1158 892 tum
1174 829 1275 893 vitam
1290 850 1460 916 moresque
1476 853 1554 896 exa-

273 933 362 1020 gitat.
386 933 428 998 In
452 934 598 1022 corporis
620 934 702 999 vitia
725 943 757 999 et
779 933 928 1000 defectus
947 935 1063 1000 comici
1078 945 1191 1022 poetae
1202 935 1421 1000 variissmodi
1444 937 1555 1002 iocan-

274 1051 327 1105 tur
338 1045 370 1124 ¹).
393 1039 547 1107 Refertae
570 1051 646 1106 sunt
667 1039 765 1106 huius
788 1042 917 1128 generis
937 1042 1094 1108 conviciis
1118 1042 1238 1108 Lucilii
1269 1055 1454 1108 saturarum
1476 1043 1553 1110 reli·

274 1149 376 1234 quiae.
399 1147 508 1212 Etiam
531 1146 688 1233 Catullus,
711 1149 747 1212 in
770 1149 864 1214 cuius
895 1147 1096 1214 carminibus
1132 1148 1300 1214 cottidiani
1331 1151 1492 1216 sermonis
1523 1162 1556 1217 et

274 1253 464 1341 simplicitas
483 1265 515 1320 et
541 1253 632 1341 lepos
655 1255 775 1320 mirum
798 1255 833 1321 in
856 1255 989 1321 modum
1013 1255 1211 1342 coaluerant,
1234 1278 1439 1344 nequequam
1469 1256 1555 1324 hanc

274 1361 477 1448 provinciam
504 1359 685 1448 respuebat.
724 1359 815 1426 Nihil
838 1362 967 1447 mirum,
998 1363 1027 1427 si
1049 1361 1165 1432 Cicero
1188 1385 1314 1450 quoque
1337 1364 1372 1427 in
1395 1362 1447 1428 his
1478 1386 1555 1430 con-

273 1467 416 1533 tumeliis
438 1467 637 1555 usurpandis
660 1469 769 1534 animo
793 1491 852 1533 suo
874 1468 1020 1554 indulsit,
1043 1469 1120 1556 quia
1142 1468 1206 1534 hoc
1227 1469 1325 1535 modo
1348 1470 1476 1537 inimici
1499 1470 1555 1537 de-

273 1573 431 1640 bilitatem
456 1584 488 1641 at
509 1572 749 1640 hebetationem
774 1613 813 1624 -
839 1597 921 1661 quae
944 1576 1026 1640 vitia
1057 1575 1248 1664 plerumque
1271 1577 1375 1642 vitam
1398 1576 1556 1642 immode-

272 1693 375 1747 ratam
391 1692 570 1768 sequnntur
581 1719 625 1730 —
636 1680 733 1769 plane
744 1693 776 1748 et
787 1692 898 1769 aperte
909 1691 985 1748 ante
1000 1683 1146 1747 omnium
1158 1681 1270 1748 oculos
1284 1705 1405 1771 ponere
1416 1693 1551 1770 poterat.

378 1788 493 1876 Itaque
523 1788 675 1854 Pisonem
704 1788 769 1854 Pis.
794 1790 845 1874 14,
876 1790 919 1855 32
949 1790 1096 1854 nominat
1126 1788 1289 1855 abiectum
1319 1789 1484 1856 hominem
1515 1812 1555 1856 ac

274 1895 481 1980 semivivum,
505 1893 656 1960 similiter
679 1895 708 1979 9,
740 1896 782 1960 19
805 1897 945 1961 eiectum
976 1894 1126 1982 cadaver,
1156 1896 1209 1983 33,
1240 1897 1282 1963 82
1306 1895 1469 1963 abiectum
1492 1896 1555 1966 hoc

273 2001 422 2067 cadaver.
460 2000 510 2068 ef.
541 2001 646 2067 Plaut.
680 2002 770 2068 Pers.
804 2003 884 2068 283:
917 2003 1098 2069 morticine.
1136 2002 1241 2069 Lucil.
1264 2005 1294 2089 2,
1325 2004 1366 2070 61
1392 2003 1451 2068 vix
1477 2004 1555 2070 vivo

271 2107 395 2174 homini
417 2130 457 2174 ac
480 2131 724 2195 monogrammo
735 2112 768 2194 ²),
791 2109 822 2195 6,
845 2110 924 2176 210:
951 2109 980 2174 si
1002 2109 1096 2195 nosti,
1127 2131 1193 2175 non
1216 2131 1355 2197 magnus
1378 2108 1474 2175 homo
1497 2121 1554 2197 est,

271 2217 408 2302 nasutu',
423 2214 589 2300 macellus,
607 2217 658 2301 19,
673 2217 753 2283 491:
768 2216 880 2302 rugosi
895 2217 1047 2304 passique
1063 2238 1166 2282 senes.
1189 2214 1366 2306 Phrynich.
1382 2216 1422 2281 ir.
1439 2218 1482 2283 69
1498 2218 1553 2283 K:

272 2319 398 2386 Μουσῶν
431 2323 579 2398 σκελετός.
614 2323 810 2412 Sannyrion.
841 2322 881 2388 fr.
912 2325 934 2388 2
964 2324 1006 2389 Κ.
1037 2325 1089 2388 τὰν
1120 2325 1179 2388 ἀπὸ
1209 2323 1341 2413 Ληναίου
1371 2327 1469 2412 νεκρὰν
1500 2324 1554 2412 (de

271 2428 411 2515 Maleto).
434 2428 491 2494 Ar.
513 2428 554 2494 fr.
579 2431 654 2516 149,
677 2431 742 2496 160
764 2430 807 2495 Κ.
830 2422 982 2519 ᾄδοφοῖται
1003 2431 1072 2518 (vv.
1098 2431 1140 2496 10
1163 2441 1195 2496 et
1220 2432 1282 2513 16).

377 2534 453 2602 Alia
476 2536 547 2601 eius
576 2537 659 2602 vitia
688 2539 734 2602 its
764 2536 922 2604 describit
952 2538 1016 2604 Pis.
1041 2540 1070 2624 1,
1103 2542 1136 2603 1:
1158 2559 1225 2602 non
1255 2538 1343 2603 enim
1375 2560 1434 2604 nos
1466 2537 1555 2604 color

270 2643 331 2708 iste
355 2641 493 2728 servilis,
515 2665 582 2709 non
604 2642 727 2731 pilosae
749 2666 863 2731 genae,
886 2651 951 2709 nori
975 2643 1088 2710 dentes
1111 2643 1236 2732 putridi
1259 2643 1465 2733 deceperunt.
1503 2645 1553 2712 of.

270 2749 387 2818 Oatull.
412 2750 463 2836 16,
491 2751 533 2815 10
556 2749 614 2816 sed
636 2749 688 2815 his
711 2749 833 2837 pilosis,
863 2752 919 2838 qui
943 2749 1042 2816 duros
1064 2761 1230 2838 nequeunt
1261 2773 1393 2817 movere
1415 2751 1553 2818 lumbos.

271 2857 363 2922 Mart.
386 2857 417 2943 2,
440 2858 492 2943 36,
515 2857 549 2923 b:
573 2878 669 2923 crura
691 2857 768 2945 pilis
790 2856 931 2924 horrida.
953 2857 1105 2943 Lucilii,
1129 2859 1195 2925 283
1219 2881 1264 2946 sq.
1287 2857 1374 2946 quod
1398 2857 1553 2924 deformis

271 2985 371 3029 senex
397 2963 560 3030 arthricus
591 2986 631 3030 sc
653 2964 853 3052 podagrosus
873 2964 878 3051 Ι
899 2975 957 3052 est,
979 2964 1066 3052 quod
1096 2962 1226 3031 mancu‘
1249 2965 1418 3052 miserque,
1449 2965 1554 3052 exilis,

269 3071 392 3137 ramice
407 3093 526 3157 magno
540 3109 576 3120 -
592 3072 645 3157 22,
661 3073 739 3138 6201
758 3071 899 3158 insignis
915 3073 1005 3137 varis
1020 3071 1173 3138 cruribus
1189 3081 1221 3138 at
1235 3070 1344 3159 petilis
1366 3072 1553 3158 (=tenuis).

270 3177 331 3245 Ov.
354 3201 408 3244 ars
430 3179 493 3266 III,
515 3180 595 3245 272;
625 3178 718 3244 arida
740 3200 801 3246 nec
824 3178 945 3245 vinclis
975 3201 1073 3246 crura
1095 3177 1222 3245 resolve
1245 3179 1322 3244 suis.
1359 3177 1476 3247 Catuli.
1501 3181 1553 3265 97,

271 3287 291 3352 6
313 3307 391 3350 nem
414 3286 484 3352 sine
517 3284 670 3352 dentibus
693 3297 755 3352 est:
785 3308 821 3351 os
848 3285 956 3352 dentis
990 3284 1252 3373 sesquipedalis...
1274 3284 1371 3351 Plaut
1392 3286 1464 3354 (ias.
1487 3287 1552 3353 549

269 3391 359 3457 illius
381 3391 490 3480 hirqui
519 3392 659 3480 improbi
689 3392 844 3478 edentuli,
874 3393 960 3459 Men.
984 3393 1062 3459 864:
1085 3391 1242 3478 vetulum,
1273 3391 1423 3477 olentem,
1454 3392 1553 3459 edan-

269 3498 383 3564 tulum.
421 3499 526 3565 Lucil.
561 3500 592 3586 3,
615 3500 672 3567 82:
703 3499 868 3567 bronchus
898 3498 1091 3565 Bovillanus
1121 3499 1217 3565 dente
1240 3499 1379 3566 adverso
1410 3499 1554 3566 eminulo

269 3605 324 3672 hic
345 3617 395 3672 est
414 3605 419 3694 Ι
439 3605 628 3672 rhinoceros
651 3605 743 3672 velut
764 3605 945 3693 Aethiopus
967 3647 1012 3656 —
1030 3609 1080 3693 17,
1102 3609 1182 3673 472:
1205 3628 1387 3693 verrucam,
1409 3629 1553 3674 naevum

271 3711 416 3799 [dietum]
453 3712 584 3780 dentem
618 3712 799 3779 eminulum
829 3712 957 3800 1111111111
978 3735 1187 3801 compernem
1216 3723 1273 3778 aut
1303 3735 1418 3780 varam
1451 3713 1553 3779 fuisse

269 3819 517 3909 Amphitryonis
540 3821 667 3886 acoetin
690 3858 732 3869 -
756 3819 797 3887 of.
821 3812 921 3908 νωδός,
945 3821 1001 3886 Ar.
1024 3819 1167 3886 tharn.
1192 3821 1265 3886 716.

377 4087 397 4154 ¹)
416 4089 457 4141 cl.
476 4105 517 4142 ex.
537 4106 560 4142 e.
573 4089 663 4155 capito
681 4089 768 4140 Plsut.
782 4091 855 4141 Pers.
868 4088 912 4156 60,
931 4089 986 4142 (iic.
1000 4095 1055 4142 nat.
1070 4089 1140 4141 deor.
1156 4087 1180 4154 1,
1193 4086 1236 4154 29,
1249 4086 1292 4141 80.
1311 4087 1428 4140 Pericles
1441 4095 1552 4154 propter

268 4177 365 4243 capitis
388 4178 430 4228 sui
453 4177 665 4245 magnitudinem
696 4193 776 4244 saepe
799 4194 817 4230 ι
843 4177 953 4230 comicis
983 4177 1094 4230 Grsecis
1124 4177 1254 4242 illuditur,
1286 4179 1320 4228 cl.
1347 4172 1551 4245 ὁσχινοιέφαλος

267 4263 330 4325 Zeis,
357 4266 459 4320 Cratiu.
485 4268 518 4320 ir.
544 4265 577 4320 71
596 4268 629 4321 K.
650 4295 683 4304 -
701 4263 809 4336 ιαρᾶιος
834 4265 879 4336 (ex
900 4266 998 4318 Koskii
1017 4263 1181 4334 coniectura)
1208 4266 1310 4317 Orstin.
1338 4267 1372 4319 ir.
1392 4265 1442 4319 111
1463 4268 1495 4317 K.
1515 4295 1550 4304 —

267 4352 454 4424 κιφαληγερίτας
477 4357 577 4410 (iram
597 4358 629 4407 ir.
648 4353 701 4408 240
719 4357 752 4410 K.
772 4385 805 4394 —
824 4353 953 4424 κιφάλιιος
976 4355 1071 4420 Eupol.
1097 4356 1129 4408 ir.
1148 4353 1184 4408 93
1202 4356 1234 4407 Κ.
1254 4355 1319 4405 Eius
1338 4361 1434 4420 ceput:
1460 4351 1551 4423 κεφαλὴ

268 4439 427 4508 Quidum
451 4445 578 4499 Talselid.
603 4447 636 4497 ir.
655 4443 692 4498 44
711 4447 743 4498 ll.
774 4445 949 4511 Hippocratis
973 4443 1023 4495 lilii
1046 4443 1207 4510 sppslautur
1230 4439 1381 4512 προιέφαλοι
1399 4444 1433 4495 sb
1452 4445 1497 4494 Ar.
1517 4445 1550 4495 ir.

269 4531 321 4586 112
339 4534 372 4584 Κ.
391 4533 505 4584 Latinus
523 4549 609 4584 sermo
627 4533 748 4600 vulgaris
766 4533 1034 4600 1ι1111μι11ι60111ι
1052 4537 1152 4584 nutura
1163 4547 1310 4598 propensus
1328 4538 1388 4583 eust
1406 4532 1440 4582 sd
1459 4531 1551 4582 huius·

267 4621 339 4672 modi
356 4621 649 4686 conviciasdhibeuds,
668 4624 703 4674 ci.
720 4623 892 4690 cognomina:
912 4622 993 4686 Naso,
1012 4621 1098 4686 Chilo,
1117 4621 1183 4686 cilo,
1203 4620 1308 4686 Dsutio,
1327 4621 1422 4686 Dorso,
1441 4621 1551 4683 luente,

269 4710 389 4775 Glabrio,
408 4711 536 4776 Grandis,
555 4711 659 4763 Strsbc.

376 4798 396 4869 ¹)
414 4815 630 4867 monogrsmmus
646 4823 669 4844 =
684 4801 771 4852 macie
790 4799 935 4866 pertenuis,
954 4801 988 4852 ci.
1008 4799 1094 4852 Lucil.
1115 4797 1159 4866 27,
1177 4795 1239 4852 693.

1527 4904 1546 4958 3
