3892 5808
360 510 380 576 8
839 535 1005 577 sannaus
1027 535 1156 576 muns
1566 529 1637 600 [184]

355 721 559 810 locupletem.
582 724 697 810 Itaque
712 722 795 788 nihil
817 723 948 808 mirum,
971 724 999 788 ei
1021 724 1057 787 in
1078 745 1226 788 sermone
1249 723 1379 810 vulgari
1404 726 1637 812 —praecipue

355 839 464 894 autem
486 828 574 918 apud
596 829 750 896 Plautum
773 869 816 880 —
839 829 1003 896 abstracta
1024 853 1084 918 pro
1101 832 1261 897 concretis
1285 830 1431 897 adhibita
1442 832 1465 918 1)
1489 842 1520 897 et
1544 831 1637 898 blau-

354 935 509 1002 ditiarum
532 947 565 1002 et
586 936 832 1003 maledictorum
854 937 963 1003 vicem
986 936 1041 1003 vel
1065 937 1207 1002 maxime
1230 937 1372 1024 explent.

460 1043 549 1109 Illud
570 1045 662 1132 prius
684 1042 909 1133 προσφωνήσεων
932 1065 1045 1131 genus,
1068 1044 1162 1109 cuius
1179 1054 1287 1109 tantae
1311 1056 1387 1110 eunt
1408 1057 1517 1132 partes
1540 1045 1636 1134 apud,

354 1151 496 1216 comicos
506 1153 530 1238 ¹)
553 1161 585 1216 et
600 1151 759 1240 lyricos³)
777 1151 996 1216 Romanorum
1013 1151 1195 1237 scriptores,
1218 1151 1317 1216 etiam
1332 1151 1419 1238 apud
1447 1152 1637 1220 Ciceronem

354 1258 483 1345 saepius
507 1257 642 1324 occurit.
664 1257 786 1325 Severo
808 1257 940 1344 quidem
965 1259 1094 1343 oratori,
1116 1258 1173 1344 qui
1195 1280 1363 1346 nunquam
1386 1258 1485 1324 ullius
1509 1259 1636 1347 puellae

353 1385 463 1429 amore
493 1364 670 1453 deperibat,
701 1386 849 1429 sermone
879 1365 1036 1428 amatorio
1059 1387 1140 1451 opus
1171 1386 1236 1429 non
1260 1368 1372 1446 erat4).
1410 1365 1536 1453 Nempe
1559 1388 1633 1432 cum

353 1469 529 1556 aliquando
551 1472 736 1558 importune
759 1471 943 1557 accidisset,
974 1481 1010 1536 ut
1032 1470 1088 1536 ille
1111 1472 1191 1558 ipse,
1221 1472 1278 1558 qui
1300 1473 1371 1536 iure
1394 1473 1573 1560 meritoque
1598 1472 1637 1538 de

353 1599 388 1642 ae
411 1599 601 1644 asseverare
622 1588 744 1665 posset:
779 1601 850 1664 ,me
873 1600 951 1643 vero
983 1577 1066 1642 nihil
1089 1579 1226 1643 istorum
1256 1601 1298 1644 ne
1320 1579 1474 1645 iuvenem
1504 1580 1637 1666 quidem

352 1685 455 1750 movit
487 1685 662 1773 unquam¹‘,
707 1707 783 1751 cum
823 1685 937 1750 eadem
979 1683 1114 1774 Gytheri
1151 1687 1186 1750 in
1225 1687 1377 1752 convivio
1418 1687 1636 1773 accumberet,

352 1813 435 1880 quae
465 1793 526 1858 sub
553 1792 728 1882 Lycoridis
757 1803 880 1858 mutato
903 1793 1034 1858 nomine
1066 1804 1101 1857 ut
1124 1794 1221 1881 primi
1251 1793 1473 1858 Romanorum
1499 1793 1637 1880 elegiaci

352 1901 475 1984 amasia
503 1900 539 1965 in
570 1901 726 1966 memoria
757 1901 902 1964 omnium
935 1899 1140 1965 saeculorum
1169 1900 1281 1966 haeret
1305 1939 1345 1950 -
1371 1902 1405 1966 in
1433 1901 1571 1988 epistula
1594 1900 1635 1966 ad

352 2006 487 2072 Paetum
510 2007 586 2072 data
608 2008 652 2093 (9,
671 2009 727 2094 26)
750 2007 905 2073 confusus
928 2008 1009 2073 iocis
1032 2018 1064 2072 et
1085 2006 1231 2072 dicteriis
1254 2029 1325 2072 sese
1348 2030 1506 2074 excusare
1529 2007 1637 2074 studet

352 2123 384 2179 et
398 2135 418 2179 e
433 2115 572 2202 vestigio
595 2115 756 2202 Aristippi
779 2114 937 2182 Socratici
954 2113 1141 2202 exemplum
1157 2113 1350 2202 praetendit,
1373 2115 1438 2202 qui,
1461 2135 1537 2181 cum
1552 2125 1637 2180 esset

351 2220 515 2286 obiectum
548 2221 669 2288 habere
703 2244 778 2286 eum
801 2221 914 2308 Laida,
949 2221 1103 2308 ,habeo“,
1137 2221 1251 2308 inquit,
1288 2243 1374 2308 ,non
1403 2221 1554 2286 habeor“.
1593 2221 1636 2288 Et

350 2338 460 2393 tamen
490 2330 588 2395 etiam
618 2330 733 2397 Cicero
764 2331 948 2394 ruminatur
977 2328 1057 2393 talia
1089 2328 1176 2394 dicta
1205 2329 1310 2416 iisque
1341 2328 1514 2416 compellat
1544 2350 1636 2393 suam

350 2435 546 2522 Terentiam,
569 2459 662 2502 suam
677 2436 862 2520 Tulliolam,
885 2457 980 2500 suum
992 2435 1130 2500 filiolum
1142 2446 1198 2500 aut
1213 2458 1289 2500 suos
1305 2437 1428 2502 amicos
1439 2437 1472 2522 ⁵).
1495 2434 1545 2503 of.
1562 2457 1635 2500 mea

350 2540 410 2607 lux
431 2545 523 2630 epist.
547 2543 589 2610 ad
612 2543 689 2609 fam.
712 2546 763 2630 14,
786 2545 816 2630 2,
839 2544 869 2608 2.
891 2581 931 2592 -—
956 2542 1064 2608 Tullia
1086 2542 1145 2607 lux
1168 2553 1280 2608 nostra
1302 2543 1381 2608 ibid.
1407 2544 1458 2629 14,
1482 2545 1512 2628 5,
1537 2545 1569 2626 13
1594 2541 1635 2608 cf.

352 2648 458 2716 Plaut.
482 2649 571 2739 Oapt.
589 2653 663 2718 864.
687 2650 803 2717 Catull.
827 2651 879 2736 68,
906 2651 977 2736 132,
1003 2650 1075 2714 160.
1098 2649 1193 2736 Ριορ.
1217 2650 1261 2734 II,
1280 2652 1330 2736 14,
1354 2652 1410 2733 293
1433 2651 1486 2736 28,
1502 2651 1559 2734 59;
1583 2651 1635 2735 29,

353 2759 380 2822 1.
404 2757 467 2826 Ov.
491 2779 552 2824 am.
577 2759 603 2844 1,
626 2760 656 2845 4,
680 2758 736 2841 25;
760 2757 796 2823 Π
822 2756 1248 2843 17‚2atrist.1113‚52.

457 2885 565 2930 meum
597 2864 790 2930 disiderium
821 2865 912 2951 epist.
944 2863 984 2928 ad
1016 2862 1093 2928 fam.
1119 2865 1169 2950 14,
1200 2865 1230 2949 2,
1262 2867 1349 2929 2-
1373 2887 1446 2930 mea
1475 2862 1631 2928 disideria

349 2969 428 3036 ibid.
453 2973 505 3058 14,
528 2974 559 3056 2,
583 2973 613 3037 4.
636 3011 680 3020 -
703 2971 753 3038 Of.
777 2970 893 3037 Octull.
917 2971 948 3057 2,
971 2971 1000 3036 5.
1024 2971 1102 3035 Hor.
1127 2992 1154 3036 c.
1178 2971 1195 3036 I
1220 2972 1271 3056 14,
1295 2973 1346 3036 18.

457 3101 530 3145 mea
553 3079 622 3144 vita
641 3079 734 3166 epist.
757 3078 800 3143 ad
816 3077 893 3142 fam.
919 3079 969 3159 14,
992 3078 1022 3162 2,
1045 3079 1079 3160 3;
1105 3079 1156 3163 14,
1179 3082 1210 3163 4,
1237 3082 1252 3143 1
1279 3116 1321 3126 -
1344 3077 1423 3144 ibid.
1449 3079 1499 3162 10,
1525 3079 1576 3165 12,
1599 3082 1634 3162 5,

352 3190 403 3273 11,
426 3188 456 3273 5,
480 3188 514 3252 3:
538 3185 758 3272 reipublicae
781 3207 888 3270 causa,
911 3206 995 3271 quae
1017 3183 1098 3249 mihi
1113 3185 1184 3250 vita
1206 3207 1280 3250 mea
1302 3195 1351 3250 est
1373 3185 1487 3252 carior.
1502 3223 1541 3234 -
1555 3185 1634 3252 ibid.

352 3295 402 3380 14,
427 3295 455 3379 l,
481 3297 512 3360 1:
535 3292 719 3378 Tulliolam,
743 3315 825 3380 quae
848 3291 942 3358 nobis
955 3303 1066 3357 nostra
1088 3293 1158 3357 vita
1177 3291 1305 3357 dulcior
1327 3302 1384 3358 eet.
1405 3331 1448 3340 -
1471 3291 1512 3358 cf.
1528 3292 1633 3358 Plaut.

457 3545 477 3609 1)
495 3543 687 3607 Deabsractis,
705 3550 743 3594 ut:
763 3543 905 3609 apparitio,
916 3544 1014 3609 censio,
1034 3543 1160 3610 cognitio,
1179 3557 1248 3608 quae
1267 3543 1440 3608 contemptim
1459 3541 1578 3608 personis
1591 3543 1633 3593 his

349 3634 504 3685 muneribus
523 3634 698 3700 fungentibus
717 3634 861 3698 adduntur,
883 3634 918 3685 cl.
938 3635 969 3686 R.
989 3633 1079 3697 Fisch,
1098 3632 1206 3682 Archiv.
1225 3633 1248 3680 V
1268 3629 1359 3698 (1888)
1377 3649 1403 3697 p.
1422 3629 1465 3696 61,
1484 3629 1527 3696 65,
1547 3629 1581 3684 66
1601 3659 1633 3670 --

351 3731 409 3776 tum
428 3723 572 3788 Woelfflin,
592 3723 700 3774 Archiv.
719 3723 753 3787 V,
772 3739 798 3787 p.
818 3721 879 3776 492.

457 3811 477 3874 ¹)
495 3813 536 3863 Of.
555 3813 587 3865 V.
606 3812 734 3862 Hoelaer:
755 3813 795 3862 De
814 3812 888 3876 poesi
907 3811 1067 3862 amatoriaa
1079 3809 1189 3861 comicis
1208 3810 1305 3861 Atticis
1324 3809 1432 3861 exculta
1450 3810 1484 3860 ab
1503 3809 1631 3875 elegiacis

348 3901 499 3952 imitatione
518 3915 650 3968 expressa.
669 3901 809 3966 Marpurgi
827 3901 900 3952 Cart.
920 3897 997 3952 1899.

457 3987 536 4059 Ι)(11.
556 3988 629 4040 Rene
647 3989 762 4041 Piehon:
789 3991 830 4040 De
849 4005 969 4040 sermone
989 3988 1119 4040 amatorio
1139 3987 1209 4054 apud
1226 3987 1338 4038 Latinos
1356 3987 1504 4052 elegiarum
1522 3986 1635 4051 scripto·

349 4093 400 4132 ree.
419 4079 504 4130 Paris.
524 4076 601 4132 1992.

456 4165 477 4236 ⁴)
495 4167 577 4218 Haud
595 4169 706 4234 ignarus
724 4173 816 4218 tamen
834 4172 893 4218 erat
912 4167 1006 4218 Cicero
1019 4166 1115 4216 harum
1133 4166 1271 4230 virtutum,
1290 4165 1387 4230 quibus
1406 4164 1510 4229 lepidae
1529 4164 1635 4229 puellae

350 4257 493 4309 excellunt.
512 4257 552 4307 01.
572 4258 628 4308 Att.
648 4255 673 4323 9,
693 4255 736 4323 10,
754 4256 785 4309 2:
812 4257 881 4307 sieut
899 4251 980 4312 ἐντοῖς
999 4250 1117 4321 ἐρωτικοῖς
1136 4254 1257 4304 alienant
1268 4253 1430 4317 immundae,
1448 4252 1576 4318 insulsae,
1594 4253 1635 4302 iu-

348 4345 475 4410 daccrae;
494 4348 529 4398 ci.
542 4346 640 4399 Catuli.
655 4345 697 4412 10,
716 4345 746 4398 6:
768 4345 917 4396 scortillum
929 4361 983 4394 non
996 4359 1061 4394 sane
1073 4343 1229 4408 inlepidum,
1248 4357 1333 4408 neque
1346 4341 1532 4406 invenustum
1546 4356 1569 4388 v.
1584 4339 1632 4392 33:

349 4435 395 4486 red
415 4444 444 4486 tu
462 4436 612 4488 insulsa...

456 4522 476 4592 ὅ)
494 4541 655 4591 quamquam
674 4525 750 4589 haec,
769 4528 1004 4590 quaosequuntua
1024 4521 1206 4586 aquaestiona
1225 4519 1362 4585 proposita
1380 4519 1522 4570 abhorrere
1542 4518 1633 4568 videu-

348 4619 392 4664 tur
411 4621 562 4678 -tamen,
587 4631 621 4664 ne
645 4615 678 4664 de
697 4630 730 4665 ea
753 4614 829 4664 rein
848 4612 997 4678 appendice
1021 4617 1173 4675 tractarem,
1193 4609 1280 4674 prima
1304 4608 1444 4660 occasione
1469 4607 1561 4658 oblata
1582 4606 1633 4657 hoc

349 4703 406 4754 loco
425 4704 515 4754 omnia
533 4705 652 4769 prolerre
670 4703 806 4754 constitui.
