3892 5808
376 523 418 589 18
854 546 1020 588 suvnuruus
1042 545 1170 586 seusun
1584 518 1658 590 [194]

375 737 434 822 IV,
457 739 487 822 3,
510 737 562 802 38.
601 738 693 802 Η666
722 737 904 802 interiectio
927 757 1055 822 semper
1077 736 1253 800 enuntiatis
1285 709 1538 822 interrogativis·
1560 737 1659 802 inter·

375 844 513 930 ponitur.
536 843 586 910 Of.
609 844 675 911 016.
699 843 794 908 Verr.
818 843 843 929 Ι,
867 844 919 929 20,
942 843 999 927 64,
1023 843 1068 927 Π,
1092 845 1143 928 17,
1165 843 1218 907 43.
1256 841 1339 907 Phil.
1365 845 1392 907 1.
1417 843 1446 927 6,
1472 843 1526 926 16,
1553 845 1604 928 10,
1628 845 1658 928 9,

378 951 428 1016 18.
451 950 519 1014 Att.
541 951 571 1031 6,
595 951 647 1036 20,
673 953 705 1032 1,
729 951 759 1035 9,
785 950 835 1036 18,
858 952 888 1016 3.
920 949 1117 1034 Saepissime
1139 949 1220 1014 haec
1244 949 1425 1014 interiectio
1448 949 1536 1036 apud
1560 949 1659 1014 Plau-

375 1069 445 1122 tum
476 1057 630 1123 occurrit:
655 1056 697 1122 ef.
725 1055 845 1142 Amph.
869 1057 945 1141 403,
978 1057 1052 1142 692,
1080 1057 1154 1142 604,
1186 1056 1264 1136 626,
1295 1053 1406 1119 Aulul.
1429 1056 1510 1138 429,
1540 1055 1659 1121 Bacch.

376 1165 450 1248 672,
474 1165 552 1245 696,
577 1163 667 1249 Gapt.
683 1163 764 1245 631,
787 1164 859 1230 Oen.
883 1165 936 1248 91,
960 1164 1035 1247 262,
1057 1163 1136 1244 472,
1160 1161 1255 1247 Elpid.
1280 1163 1357 1244 710,
1380 1162 1465 1226 Men.
1489 1162 1563 1247 390,
1581 1163 1659 1245 793,

375 1271 473 1336 Mero.
498 1271 576 1355 186,
611 1269 679 1334 Mil.
702 1271 780 1351 446,
817 1270 909 1335 Most.
934 1272 965 1354 6,
998 1270 1051 1354 34,
1082 1269 1162 1353 368,
1196 1269 1294 1334 Ρ666.
1322 1269 1400 1352 261,
1434 1267 1552 1332 Pseud.
1584 1270 1660 1353 242,

377 1379 476 1458 1296,
507 1376 607 1444 Stich.
631 1378 709 1459 697,
740 1375 922 1461 11611492,
947 1377 1026 1458 946,
1058 1374 1191 1440 Trucul.
1218 1376 1270 1461 62,
1302 1375 1376 1460 801,
1407 1376 1481 1440 930.
1520 1375 1660 1440 Duobus

375 1493 501 1548 tantum
533 1483 615 1548 locis
646 1483 733 1569 apud
766 1483 918 1548 Plautum
950 1481 1125 1570 respondet
1157 1481 1319 1568 ,6161616α
1352 1503 1471 1568 graeco
1500 1481 1660 1547 vocabulo

375 1592 411 1654 τὸ
434 1592 524 1654 κακὸν
546 1589 724 1677 (Aristoph.
746 1589 830 1656 Aah.
856 1590 928 1674 166,
952 1591 1031 1671 829,
1054 1590 1152 1674 Vesp.
1170 1590 1270 1672 1483,
1292 1589 1368 1653 Ρ66.
1386 1589 1463 1671 181,
1487 1588 1572 1654 Ανν.
1585 1590 1660 1675 931,

376 1698 467 1778 992);
491 1698 584 1762 Μ661.
609 1699 688 1762 191:
729 1697 793 1762 Pro
824 1697 981 1782 Iuppiter,
1011 1718 1087 1759 nam
1118 1695 1205 1781 quod
1235 1694 1358 1759 malum
1388 1705 1539 1760 versatur
1568 1718 1660 1760 meae

376 1803 464 1868 domi
487 1803 594 1867 illud?
618 1803 702 1869 Rud.
718 1806 796 1870 319:
821 1803 954 1868 deorum
978 1801 1089 1866 odium
1112 1812 1208 1888 atque
1223 1802 1401 1888 hominum,
1425 1801 1558 1888 melum,
1583 1801 1661 1867 mali

366 1911 437 1987 ,viti
459 1910 635 1998 probrique
658 1909 801 1998 plenum.
824 1909 874 1977 01.
897 1911 988 1975 Laot.
1012 1909 1054 1973 de
1077 1920 1170 1973 mort.
1193 1919 1351 1996 persecut.
1376 1931 1403 1974 6.
1426 1910 1471 1973 40
1493 1910 1660 1974 Licinium

376 2020 468 2104 quasi
491 2017 615 2082 malum
638 2027 827 2083 metuentes.

483 2125 598 2211 Itaque
629 2125 895 2189 enumeravimus
925 2122 1099 2208 abstracte,
1128 2123 1164 2186 16
1188 2143 1336 2188 sermone
1366 2122 1498 2208 vulgari
1528 2123 1660 2210 primas,

377 2242 413 2297 ut
435 2233 480 2297 ita
503 2231 620 2318 dicam,
649 2243 758 2319 partes
780 2231 919 2316 agentia,
950 2252 1088 2317 quorum
1119 2252 1199 2294 usus
1230 2230 1329 2294 etiam
1359 2229 1447 2317 apud
1470 2229 1660 2296 Ciceronem

377 2338 442 2404 late
464 2338 558 2424 pelet.
582 2337 647 2406 Sed
669 2339 737 2402 iam
760 2359 860 2424 supra
878 2336 1033 2402 admonui
1055 2336 1229 2422 neminem,
1252 2337 1307 2422 qui
1327 2334 1368 2401 ad
1392 2335 1559 2402 Ciceronis
1583 2358 1661 2402 666-

376 2445 528 2511 tumelias
544 2444 750 2531 indagandas
764 2444 908 2510 studium
924 2466 1020 2509 suum
1036 2443 1190 2523 conferat
1200 2441 1351 2508 oblivisci
1368 2442 1487 2508 debere
1501 2444 1564 2530 ipsi
1584 2465 1660 2509 cum

376 2552 505 2618 rhetore
535 2575 604 2618 rem
637 2574 717 2638 esse,
749 2553 804 2638 qui
827 2561 979 2617 accurate
1009 2549 1180 2616 rhetoricis
1211 2549 1334 2635 regulis
1365 2551 1542 2616 orationem
1567 2573 1660 2616 suam

378 2659 566 2746 conformet,
590 2681 696 2745 neque
719 2681 863 2745 unquam
885 2656 966 2723 adeo
983 2680 1060 2722 suae
1083 2658 1260 2742 magistrae
1276 2657 1470 2744 dignitatem
1492 2658 1660 2746 despiciat,

378 2777 414 2831 ut
444 2765 636 2852 vulgaribus
667 2764 804 2832 vocibus
836 2766 933 2830 nimis
965 2787 1060 2852 saepe
1091 2763 1309 2830 admiscendis
1340 2766 1410 2830 eius
1441 2767 1599 2832 severitas
1629 2777 1662 2832 et

377 2874 523 2958 gravitas
546 2872 757 2938 oblitteretur.
788 2873 903 2959 Itaque
926 2871 982 2937 ubi
1005 2873 1125 2938 iustum
1148 2872 1275 2958 putavit
1301 2871 1481 2937 adversarii
1503 2874 1607 2938 vitam
1629 2885 1661 2940 et

378 2978 500 3045 delicta
523 2979 719 3044 tristissimis
743 2978 853 3044 verbis
877 2979 1061 3066 depingere
1088 3001 1153 3043 non
1176 3001 1195 3043 6
1217 2977 1379 3044 rhetorico
1402 2991 1560 3067 apparatu
1583 2980 1661 3046 alie·

380 3109 460 3152 num
482 3109 554 3152 esse
578 3087 706 3152 censuit
729 3085 953 3151 tantummodo
976 3087 1011 3150 in
1033 3086 1224 3151 universum
1247 3087 1328 3151 vitia
1352 3107 1542 3151 enumerare
1565 3092 1661 3174 (quae

379 3195 499 3258 mirum
522 3193 557 3256 in
581 3193 714 3258 modum
738 3203 770 3258 61
792 3190 951 3260 Catilinae
975 3203 1007 3258 et
1029 3193 1163 3258 Vatinio
1186 3203 1218 3258 et
1233 3192 1331 3258 Verri
1353 3203 1386 3258 et
1409 3194 1550 3258 Antonio
1574 3216 1660 3259 com·

379 3300 491 3363 munia
506 3301 670 3386 repperit),
693 3321 735 3364 ne
749 3299 861 3363 nimiis
877 3299 1036 3364 conviciis
1051 3298 1240 3386 ingerendis
1255 3299 1358 3364 oratio
1372 3299 1477 3365 libelli
1493 3301 1662 3366 criminosi

379 3407 521 3492 speciem
552 3428 630 3493 prae
660 3427 696 3471 se
726 3405 834 3470 ferret.
872 3406 924 3470 Ita
955 3405 1114 3492 explicari
1144 3417 1279 3493 possunt
1309 3406 1562 3472 innumerabilia
1592 3407 1661 3473 fere

379 3511 551 3598 abstracta,
570 3513 688 3600 quibus
703 3513 785 3578 vitia
799 3535 929 3578 reorum
953 3513 1159 3578 eontinentur
1174 3523 1206 3577 et
1225 3523 1388 3578 notantur.
1412 3514 1514 3578 Nemo
1530 3512 1662 3600 quidem

380 3640 445 3683 non
475 3618 572 3684 facile
603 3618 779 3705 intelleget,
810 3640 910 3706 quare
941 3619 1083 3706 simplici
1115 3630 1147 3684 et
1173 3620 1308 3685 minime
1339 3621 1499 3707 exquisito
1530 3620 1662 3686 dicendi

380 3747 500 3812 genere
523 3724 688 3792 excellens
719 3725 855 3791 Plautus
877 3727 912 3790 in
934 3724 997 3792 hac
1019 3748 1055 3791 re
1078 3737 1204 3792 tantum
1233 3727 1431 3814 paucissima
1454 3727 1604 3815 exempla
1626 3729 1662 3793 in

380 3832 524 3898 medium
547 3831 699 3920 proferat.
721 3833 820 3920 Apud
843 3855 919 3898 eum
941 3843 1118 3898 occurrunt
1140 3832 1331 3921 plerumque
1350 3833 1519 3920 vocabula
1541 3834 1661 3921 quibus

381 3960 550 4004 servorum
573 3938 640 4004 doli
662 3950 759 4027 atque
778 3941 914 4005 astutiae
937 3939 1173 4026 significantur,
1190 3963 1240 4006 ex.
1256 3962 1284 4005 6.
1306 3941 1419 4007 turbas
1443 3940 1522 4006 dare
1545 3940 1662 4006 Pseud.

381 4046 456 4132 367,
486 4045 643 4112 turbellas
674 4046 783 4113 faeere
814 4045 932 4113 Pseud.
957 4047 1052 4132 1067,
1077 4047 1173 4134 1091,
1203 4046 1417 4136 sycophantia
1443 4047 1561 4113 Pseud.
1587 4051 1660 4132 740,

383 4155 456 4240 806,
480 4152 607 4220 fabrica
630 4152 748 4220 Pseud.
772 4154 846 4236 366,
871 4153 994 4219 sutelae
1017 4153 1105 4237 Oapt.
1129 4155 1203 4220 692.
1227 4154 1349 4221 Oontra
1371 4153 1609 4220 Demosthenes
1631 4166 1664 4221 et

381 4260 561 4326 Aeschines
580 4282 646 4325 non
662 4282 756 4326 secus
772 4271 869 4350 atque
883 4258 998 4328 Cicero
1020 4260 1082 4326 hoe
1098 4283 1216 4346 genere
1232 4261 1470 4326 abstracturum
1485 4259 1663 4328 abundant.

381 4366 431 4436 Of.
462 4390 512 4432 ex.
536 4389 585 4454 gr.
608 4366 725 4432 Aesch.
749 4367 832 4432 Tim.
858 4369 934 4434 105:
966 4369 1046 4433 ἀλλὰ
1069 4367 1167 4450 τοίνεῳ
1198 4371 1263 4432 ἀντὶ
1285 4379 1346 4432 τῶν
1367 4370 1514 4456 πατρῴων
1537 4371 1663 4458 περίεστι

382 4466 527 4564 βδελυρία,
559 4477 745 4562 crisopassus,
776 4478 893 4564 θράσος,
923 4477 1026 4565 τρυφή,
1058 4466 1162 4558 δειλία,
1192 4466 1330 4556 ἀναίδεια,
1362 4476 1398 4540 τὰ
1421 4473 1462 4564 μὴ
1487 4477 1663 4542 ἐπίστασθαι

382 4583 515 4671 ἐρυθριᾶν
531 4583 578 4646 ἰπὶ
599 4592 659 4657 τοῖς
675 4588 808 4671 αἰσχροῖς.
834 4581 885 4649 of.
907 4582 990 4647 Tim.
1014 4584 1065 4667 60,
1089 4583 1142 4670 66,
1166 4585 1216 4668 71,
1241 4583 1292 4668 88,
1317 4584 1369 4670 92,
1394 4584 1467 4660 107,
1492 4584 1565 4668 172,
1590 4585 1663 4668 179,

384 4689 456 4754 182.
491 4687 563 4754 fals.
597 4687 659 4775 leg.
695 4691 723 4774 1,
756 4689 787 4774 4,
812 4690 862 4753 11.
896 4689 991 4754 Dem.
1025 4689 1164 4756 Timocr.
1195 4689 1663 4776 172,177,182,186,196,

382 4796 481 4861 Arist.
505 4795 568 4860 201
592 4794 773 4862 cetNunc
807 4818 849 4860 ex
871 4794 1031 4860 Tullianis
1061 4795 1236 4862 invectivis
1268 4805 1301 4860 et
1326 4794 1476 4882 epistulis
1506 4794 1664 4860 nonnulla
