3892 5808
267 521 341 592 [211]
804 544 1017 586 corrosanum
1503 519 1546 584 35

264 735 417 801 centioris
448 733 654 800 Academiae.
693 733 744 801 Ol.
767 732 884 801 Oatull.
907 734 960 818 42,
985 735 1039 799 17:
1071 731 1227 799 ferreo..
1250 753 1313 798 ore.
1351 733 1455 799 Plaut.
1479 734 1547 800 Mil.

266 843 363 908 189a:
388 864 423 906 os
446 840 553 926 habet,
577 840 733 927 linguam.

371 948 424 1013 De
447 957 538 1012 sexto
558 947 717 1016 Catilinae
743 945 1045 1032 ,subsentatorum“
1071 968 1190 1032 genere
1205 946 1287 1012 haec
1303 947 1418 1014 Oicero
1434 959 1547 1013 narrat
1597 1020 1598 1025 η

266 1053 358 1122 (tatii.
398 1055 427 1140 2,
453 1055 503 1140 10,
527 1056 583 1120 22:
615 1055 817 1120 Postremum
849 1064 959 1119 autem
981 1076 1084 1140 genus
1115 1062 1252 1119 estnon
1276 1053 1378 1118 solum
1402 1076 1548 1140 numero,

265 1185 379 1227 verum
404 1162 503 1226 etiam
525 1183 644 1248 genere
674 1162 745 1248 ipso
769 1171 865 1248 atque
888 1161 965 1246 vita,
1000 1160 1086 1248 quod
1110 1161 1275 1247 proprium
1308 1161 1468 1229 Catilinae
1491 1171 1548 1247 est,

267 1268 307 1334 de
329 1270 399 1334 eius
430 1267 561 1354 dilectu,
591 1269 691 1332 immo
714 1289 794 1334 vero
825 1267 865 1332 de
889 1267 1061 1354 complexu
1092 1268 1162 1332 eius
1185 1289 1224 1334 ao
1247 1268 1331 1350 sinu,
1360 1290 1441 1354 quos
1464 1290 1548 1354 pexo

267 1374 385 1462 capillo
415 1375 545 1452 nitidos,
576 1385 632 1439 aut
654 1372 818 1440 imberbes
849 1384 905 1439 aut
928 1374 1011 1439 bene
1040 1374 1194 1440 barbatos
1217 1374 1346 1460 videtis,
1378 1376 1548 1440 manicatis

265 1493 297 1548 et
312 1481 471 1546 talaribus
493 1482 623 1566 tunicis,
646 1480 729 1546 velis
746 1483 892 1566 amictos,
914 1503 980 1546 non
995 1481 1089 1567 togis,
1113 1503 1251 1567 quorum
1266 1481 1371 1546 omnis
1387 1481 1549 1546 industria

264 1590 351 1654 vitae
377 1599 409 1654 et
440 1587 601 1674 vigilandi
625 1588 717 1654 labor
739 1589 774 1652 in
797 1587 1001 1653 antelucanis
1025 1588 1114 1652 cenis
1127 1593 1150 1668 1)
1174 1588 1383 1674 expromitur.
1405 1627 1448 1636 ——
1473 1588 1548 1653 Huc

264 1695 351 1761 trahi
373 1707 521 1783 possunt:
552 1695 656 1761 Plaut.
680 1695 812 1760 Trucul.
836 1696 901 1761 609
926 1693 1097 1760 moechum
1120 1695 1282 1760 malacum
1316 1695 1548 1760 cincinnatum.

265 1803 356 1868 Asin.
381 1804 444 1868 621
477 1802 612 1868 cinaede
643 1802 871 1868 calamistrato.
910 1803 1001 1866 Asin.
1033 1803 1097 1868 858
1131 1824 1189 1889 sq.:
1221 1802 1348 1866 minimi
1379 1801 1547 1867 mortalem

267 1910 351 1996 preti
371 1909 376 1990 Ι
396 1909 575 1994 madidum,
598 1908 702 1993 nihili,
726 1908 991 1974 incontinentem.

371 2015 447 2081 Alio
471 2039 567 2082 sensu
591 2015 709 2084 Oatull.
735 2017 784 2102 10,
811 2019 848 2081 ll
877 2017 1027 2102 „unctius
1052 2016 1167 2102 caput“
1194 2015 1337 2101 adhibet,
1360 2037 1476 2102 nempe
1508 2015 1549 2080 do

265 2123 456 2189 florentibus
480 2124 628 2188 cuiusvis
642 2122 788 2205 rebus²);
813 2122 854 2188 cf.
868 2122 934 2189 Oic.
957 2123 1050 2188 Verr.
1066 2123 1110 2208 II,
1133 2125 1185 2208 22,
1209 2123 1265 2189 54:
1289 2133 1325 2187 ut
1341 2122 1381 2188 ab
1397 2122 1464 2186 illis
1480 2124 1549 2210 ipse

267 2230 396 2295 unctior
418 2230 530 2295 abiret.

373 2337 532 2403 Barbulas
556 2359 689 2402 suorum
716 2336 901 2423 aequalium
932 2337 1047 2405 Cicero
1070 2337 1165 2402 etiam
1192 2335 1264 2402 aliis
1296 2336 1377 2401 locis
1408 2335 1548 2402 vellicat.

265 2443 315 2512 Of.
339 2445 403 2509 Att.
429 2444 455 2529 I,
482 2446 531 2526 16,
556 2445 611 2511 11:
642 2443 804 2509 barbatuli
833 2444 969 2509 iuvenes
993 2444 1252 2509 commissatores
1277 2443 1549 2529 coniurationum,

266 2551 331 2616 Att.
359 2555 385 2633 l,
412 2553 461 2634 14,
485 2552 517 2616 5:
543 2551 781 2616 concursabant
805 2550 969 2616 barbatuli
992 2550 1138 2636 iuvenes,
1162 2560 1248 2614 totus
1278 2549 1335 2614 ille
1355 2572 1438 2634 grex
1461 2550 1549 2617 Oasi-

265 2657 352 2722 linae
375 2668 408 2722 et
430 2654 516 2725 Cael.
542 2659 593 2744 14,
616 2658 668 2742 33,
700 2658 757 2724 ubi
780 2658 915 2745 insuper
945 2657 1105 2722 maiorum
1137 2656 1403 2722 consuetudinem
1433 2656 1549 2742 longas

268 2763 384 2829 barbas
415 2765 626 2851 promittendi
657 2764 811 2830 laudibus
842 2765 947 2830 effert:
979 2766 1007 2828 si
1030 2763 1088 2828 illo
1111 2775 1239 2828 austero
1270 2784 1360 2828 more
1383 2785 1422 2828 ac
1445 2763 1549 2848 modo,

266 2871 385 2958 aliquis
416 2870 496 2936 mihi
527 2872 567 2937 ab
598 2871 713 2936 inferis
745 2871 938 2938 excitandus
970 2881 1083 2936 estex
1113 2869 1257 2937 barbatis
1288 2869 1363 2956 illis,
1395 2885 1461 2934 non
1487 2869 1549 2937 hac

266 2976 413 3064 barbula,
436 3001 500 3065 qua
515 2979 577 3043 ista
593 2977 781 3060 delectatur,
804 2977 861 3042 sed
876 2977 934 3042 illa
949 2976 1089 3063 horrida,
1113 3000 1211 3065 quam
1227 2978 1261 3042 in
1278 2978 1392 3042 statuis
1408 2978 1549 3064 antiquis

266 3097 364 3171 atque
386 3085 582 3170 imaginibus
605 3084 757 3150 videmus
768 3089 800 3166 ³).
818 3084 953 3150 -Nam
970 3086 1102 3150 omnino
1114 3083 1276 3150 imberbes
1292 3096 1324 3150 et
1347 3083 1433 3149 vulsi
1456 3085 1550 3172 pueri

267 3192 399 3258 delicati
422 3203 526 3274 erant3
552 3191 593 3258 cf.
616 3191 731 3258 Oatull.
755 3194 808 3278 61,
832 3193 894 3258 141
920 3215 1000 3279 sqq.:
1032 3192 1150 3257 diceris
1174 3191 1258 3256 male
1281 3202 1313 3256 te
1336 3214 1356 3256 a
1378 3193 1443 3256 tuis
1464 3192 1468 3278 l
1488 3213 1550 3256 un-

374 3388 394 3458 ,)
413 3392 452 3442 De
471 3398 607 3442 crescente
632 3390 750 3441 indiam
774 3391 889 3454 luxuria,
912 3405 981 3455 quae
1001 3390 1143 3456 praecipue
1168 3391 1196 3441 iu
1216 3391 1290 3442 cenis
1316 3390 1462 3456 splendidis
1487 3406 1550 3441 oon·

267 3481 366 3545 stabat,
385 3481 420 3531 ci.
441 3480 498 3532 Liv.
518 3477 560 3543 39,
580 3478 605 3531 6.
636 3480 736 3530 Contra
761 3495 820 3530 eam
839 3495 919 3544 saepe
944 3481 1011 3530 Cato
1030 3481 1236 3544 vociferabatur,
1262 3482 1297 3532 ci.
1317 3481 1347 3532 0.
1367 3482 1397 3532 R.
1418 3481 1450 3531 fr.
1469 3496 1495 3544 p.
1514 3478 1548 3532 91

268 3585 324 3635 sqq.
343 3570 379 3622 M.
394 3568 436 3620 01.
456 3568 553 3619 Catull.
567 3567 610 3633 47,
631 3569 648 3620 5
667 3585 705 3634 sq.
724 3585 772 3619 vos
785 3565 909 3620 convivia
927 3570 1004 3619 lauta
1017 3574 1170 3633 sumptuose
1186 3565 1190 3637 Ι
1206 3569 1239 3619 ds
1251 3570 1295 3621 die
1307 3569 1405 3622 facitis.
1426 3571 1484 3620 Ter.
1499 3569 1549 3619 nd.

266 3656 319 3711 965
344 3659 474 3723 adparere
492 3658 525 3708 ds
548 3659 591 3708 die
615 3658 780 3710 convivium.
800 3659 864 3709 Hor.
884 3665 934 3709 sat.
955 3660 989 3722 11,
1008 3657 1034 3725 8,
1054 3658 1071 3710 3
1089 3657 1122 3708 de
1145 3658 1235 3711 medio
1259 3665 1352 3724 potare
1377 3659 1436 3723 die,
1455 3661 1490 3711 ci.
1510 3673 1549 3725 gr.

267 3743 398 3815 ἀφ’ἡμέρας
423 3743 492 3796 πίνειν
510 3754 536 3798 et
546 3749 621 3800 Laot.
647 3747 680 3797 ds
698 3755 775 3798 mort.
796 3753 927 3813 persecut,
951 3763 974 3799 o.
989 3745 1036 3799 18:
1060 3747 1172 3799 illumne
1191 3748 1346 3798 saltatorem
1365 3749 1549 3812 temulentum,

266 3837 408 3899 ebriosum,
427 3836 470 3888 cui
489 3853 543 3887 nox
562 3853 608 3902 pro
626 3836 677 3901 die,
697 3842 724 3886 st
738 3837 794 3886 diss
813 3853 860 3902 pro
879 3843 965 3888 nocte.
985 3837 1078 3889 Cicero
1097 3853 1176 3902 saepe
1196 3837 1305 3888 lacessit
1324 3853 1376 3901 sos,
1396 3839 1442 3903 qui
1467 3837 1549 3887 nimis

267 3927 346 3992 genio
371 3941 419 3976 suo
444 3925 593 3990 indulgent,
612 3927 647 3978 ci.
667 3927 719 3976 Pis.
739 3925 764 3991 6,
784 3924 832 3978 13:
851 3927 880 3976 in
899 3926 946 3976 illo
965 3941 1112 3991 ganearum
1130 3933 1238 3976 tuarum
1256 3926 1348 3976 nidore
1367 3931 1447 3992 atque
1467 3927 1549 3976 fumo.

266 4016 326 4065 Non
354 4015 433 4066 aliter
458 4015 486 4065 in
515 4015 601 4066 Plaut.
621 4015 698 4065 Most.
724 4031 750 4067 r.
779 4014 796 4068 b
831 4015 942 4066 Grumio
969 4015 1130 4065 Tranionem
1162 4015 1319 4080 alloquitur:
1354 4016 1406 4078 exi,
1431 4016 1549 4080 inquam,

266 4105 352 4168 nidor,
384 4120 398 4154 s
429 4104 528 4154 culina.
554 4103 595 4155 cf.
615 4103 682 4155 Cato
706 4105 737 4154 Ο.
757 4105 788 4155 R.
808 4105 840 4156 fr.
860 4121 885 4168 p.
905 4102 940 4156 70
958 4105 1008 4154 Μ.;
1030 4103 1197 4167 effeminatis,
1217 4105 1263 4170 qui
1281 4105 1400 4169 magiras
1420 4106 1549 4158 facerent.

269 4195 333 4245 lior.
359 4200 409 4246 sat.
429 4188 570 4256 11‚7‚69:
590 4193 687 4258 popina
708 4221 740 4228 -
761 4194 904 4258 Novatian,
933 4194 950 4242 l.
971 4192 988 4242 l.
1009 4209 1070 4259 pag.
1090 4191 1168 4262 238⁵:
1190 4194 1282 4244 videas
1302 4209 1364 4259 ergo
1393 4193 1461 4244 tales
1481 4210 1549 4244 novo

266 4297 364 4348 genere
383 4281 471 4332 adhuc
490 4282 592 4332 ieiunos
612 4288 638 4332 et
658 4282 711 4332 iam
731 4283 818 4332 ebrios
846 4299 901 4332 non
920 4282 953 4333 ad
980 4283 1106 4347 popinam
1126 4288 1262 4333 currentes
1288 4282 1333 4332 ssd
1358 4283 1483 4347 popinam
1510 4299 1550 4333 ss-

266 4386 329 4422 cum
348 4370 577 4422 circumferentes.
595 4372 690 4436 ltaque
713 4371 742 4422 C.
768 4371 868 4436 Sempr.
888 4371 1002 4424 Gracch.
1028 4372 1058 4424 0.
1078 4373 1102 4422 R
1128 4372 1186 4422 .fr.
1205 4388 1231 4436 p.
1251 4370 1302 4424 231
1322 4373 1358 4424 Μ.
1385 4372 1479 4422 honori
1498 4372 1548 4422 sibi

269 4459 365 4510 tribuit
391 4458 472 4509 haec:
499 4465 619 4510 versatus
639 4475 697 4510 sum
716 4460 744 4509 in
762 4459 912 4524 provincia3
931 4460 1007 4510 nulla
1017 4461 1088 4525 apud
1107 4475 1149 4509 me
1169 4462 1221 4510 fuit
1240 4461 1345 4526 popina,
1367 4475 1454 4525 neque
1474 4461 1549 4525 pueri

269 4548 369 4599 eximia
381 4547 452 4598 facie
471 4550 590 4600 stabant.

376 4635 396 4700 ¹)
416 4637 457 4688 01.
477 4634 577 4690 Catull.
597 4635 640 4702 29,
659 4637 707 4690 92:
727 4644 810 4690 uncta
828 4638 998 4704 patrimonia.

376 4724 395 4789 ⁸)
414 4727 486 4778 Huic
504 4726 562 4777 loco
581 4743 634 4777 non
653 4729 806 4793 refragatur
828 4727 897 4779 alius
916 4728 991 4778 Verr.
1011 4729 1046 4792 11,
1065 4726 1108 4791 25,
1127 4725 1170 4792 62,
1189 4728 1236 4778 ubi
1254 4727 1287 4778 de
1305 4726 1409 4778 miseris
1429 4727 1550 4778 Sicilien-

268 4816 342 4866 sibns
363 4815 418 4868 cie.
437 4815 562 4881 loquitur,
585 4816 629 4882 qni
647 4817 800 4880 ,sordidati
826 4817 943 4868 maxima
960 4817 1046 4867 barba
1065 4823 1092 4867 st
1111 4817 1225 4881 capillo“
1245 4817 1358 4867 Romam
1376 4816 1550 4868 advenerunt.
