3892 5808
393 510 436 576 32
877 535 1043 578 snvnnmua
1064 535 1194 577 uanum
1603 511 1678 583 [208]

392 739 476 793 tuae.
499 726 541 791 ad
564 728 604 810 Q.
627 726 667 791 fr.
692 729 721 812 1,
744 728 774 812 3,
797 727 831 792 3:
854 747 951 813 quem
975 748 1036 812 ego
1059 725 1150 791 ferus
1182 747 1221 791 ac
1243 726 1370 792 fumeus
1394 737 1452 792 cet
1479 726 1558 792 ibid.
1593 729 1622 813 2,
1646 729 1677 810 6,

393 835 426 900 2:
450 835 496 898 mi
526 835 646 923 optime
669 845 701 899 et
723 832 924 920 optatissime
955 833 1065 898 frater.
1100 831 1141 898 de
1172 844 1250 898 orat.
1273 834 1303 919 2,
1338 835 1390 920 61,
1414 835 1479 900 249
1513 834 1679 922 quidhoc

393 941 517 1006 Naevio
541 941 703 1028 ignavius.

500 1047 736 1138 Etymologiae.

499 1153 582 1219 Phil.
598 1156 628 1241 2,
652 1155 705 1240 25,
729 1156 785 1220 621
808 1165 878 1220 tum
901 1155 1104 1221 existimavit
1119 1175 1155 1220 se
1170 1177 1229 1220 suo
1243 1155 1316 1220 iure
1333 1175 1408 1220 eum
1425 1155 1548 1243 Hippia
1563 1157 1677 1220 vivere

393 1273 425 1329 et
448 1283 547 1350 equos
570 1261 749 1348 vectigales
772 1261 886 1348 Sergio
898 1263 999 1327 mimo
1022 1261 1165 1344 trader03
1189 1260 1231 1328 of.
1254 1262 1310 1326 Ar.
1334 1261 1441 1328 Nubb.
1465 1285 1532 1348 arg.
1553 1264 1678 1329 8-102

393 1360 584 1457 Φειδιππίδης
599 1361 831 1457 ο1Φιλιππίδης.
856 1367 937 1435 Phil.
953 1369 982 1453 3,
1006 1369 1035 1454 6,
1061 1369 1116 1434 16:
1139 1379 1214 1434 tuae
1230 1368 1378 1454 coniugis
1403 1373 1506 1436 bonae
1529 1369 1678 1454 feminae,

393 1475 565 1562 locupletis
588 1475 721 1562 quidem
744 1486 840 1559 certe,
863 1469 1033 1541 Bambalio
1043 1479 1067 1557 ¹)
1097 1474 1228 1562 quidam
1252 1486 1350 1563 pater,
1377 1474 1472 1540 homo
1503 1475 1594 1542 nullo
1617 1499 1678 1540 nu-

392 1605 494 1648 mero:
517 1582 600 1647 nihil
622 1582 680 1647 illo
702 1583 927 1669 contemptius,
950 1583 1007 1669 qui
1021 1595 1154 1670 propter
1165 1581 1393 1648 haesitantiam
1412 1581 1545 1668 linguae
1568 1593 1673 1670 stupo-

392 1711 526 1778 remque
549 1689 656 1756 cordis
680 1711 860 1776 cognomen
883 1711 926 1755 ex
948 1688 1145 1756 contumelia
1167 1690 1276 1754 traxit.
1292 1690 1506 1777 -Loquitur
1528 1689 1678 1755 hocloco

393 1807 502 1862 orator
524 1795 565 1862 de
588 1797 631 1862 M.
647 1795 775 1882 Fulvio,
799 1796 937 1862 Fuluiae
952 1807 1045 1885 patre
1068 1797 1202 1883 eiusque
1217 1819 1397 1882 cognomen
1421 1796 1577 1864 videlicet
1592 1821 1611 1862 a
1626 1819 1677 1883 gr.

392 1925 463 1970 voc.
487 1905 635 1990 βομβαλός
657 1903 799 1990 deducit,
823 1903 864 1968 cf.
888 1904 1067 1992 Martyrios
1083 1902 1141 1970 Gr.
1165 1903 1210 1968 lat
1232 1904 1273 1968 K.
1299 1906 1327 1989 l,
1353 1905 1426 1990 161,
1450 1905 1492 1970 12
1513 1903 1676 1972 bambalo:

393 2009 557 2101 ψελλιστής.
592 2009 674 2076 Phil.
699 2013 750 2097 11,
775 2012 826 2097 12,
857 2012 891 2076 3:
922 2010 1034 2076 lumen
1065 2020 1098 2077 et
1128 2010 1229 2076 decus
1260 2010 1350 2076 illius
1380 2011 1544 2076 exercitus
1574 2033 1677 2097 paene

392 2119 554 2206 praeterii,
584 2118 622 2182 Τ.
645 2118 792 2184 Annium
822 2117 1000 2204 Cimbrum,
1030 2117 1180 2208 Lysidici
1206 2117 1321 2204 filium,
1351 2117 1546 2207 Lysidicum
1569 2119 1675 2205 ipsum

395 2227 523 2312 [graeco
539 2224 651 2310 verbo]
676 2225 829 2312 quoniam
853 2225 963 2290 omnia
977 2225 1051 2290 iura
1066 2223 1228 2308 dissolvit3
1253 2224 1294 2290 cf.
1316 2247 1363 2312 ea,
1386 2247 1469 2312 quae
1491 2225 1677 2314 Lysistrata

392 2334 450 2398 Ar.
473 2333 552 2422 Lys.
575 2355 606 2397 v.
633 2331 718 2398 1105
742 2332 783 2397 de
806 2353 840 2397 se
863 2332 934 2419 ipsa
956 2331 1090 2419 profert.
1126 2332 1335 2416 Postremum,
1365 2353 1464 2419 quam
1487 2332 1677 2418 memoravi,

393 2439 560 2506 Ciceronis
583 2437 852 2504 consuetudinem
875 2438 957 2504 haec
980 2437 1131 2526 exempla
1153 2437 1378 2503 illustrabunt:

500 2544 655 2630 Clodiam,
678 2567 757 2630 erga
780 2567 878 2631 quam
893 2556 1002 2610 orator
1024 2565 1153 2632 semper
1167 2545 1286 2610 infesto
1310 2546 1419 2610 animo
1434 2545 1505 2630 fuit,
1529 2545 1675 2610 nominat

393 2651 543 2718 Medeam
554 2656 578 2736 ²)
608 2651 694 2720 Cael.
727 2653 778 2738 18,
808 2651 1078 2741 Clytaemestram
1108 2651 1195 2720 Cael.
1226 2652 1313 2739 apud
1343 2654 1454 2735 Quint.
1495 2651 1524 2738 8,
1567 2655 1597 2738 6,
1620 2654 1677 2736 53,

393 2769 561 2847 praetcrea
584 2751 725 2842 βοώπιδος
748 2757 888 2846 epitheto
911 2781 984 2824 eam
1019 2758 1152 2826 vellicat
1178 2762 1244 2824 Att.
1268 2761 1298 2844 2,
1321 2762 1352 2846 9,
1377 2762 1410 2844 1;
1435 2761 1485 2844 12,
1509 2761 1543 2844 2,
1569 2762 1619 2846 14,
1644 2762 1676 2842 13

394 2867 446 2953 22,
470 2867 502 2949 5;
527 2867 579 2952 23,
618 2866 647 2931 3.
671 2865 720 2933 of.
747 2865 852 2932 Plaut.
875 2865 948 2934 Cas.
972 2867 1051 2933 230:
1082 2889 1155 2932 mea
1185 2867 1277 2932 Iuno.
1315 2867 1453 2932 Prorsus
1484 2865 1548 2930 alio
1579 2888 1675 2932 sensu

394 2973 540 3038 nominat
573 2971 687 3040 Cicero
722 2972 941 3040 Octavianum
963 2974 1139 3039 Iunonium
1162 2995 1300 3062 puerum
1334 2984 1367 3038 et
1400 2974 1513 3038 matris
1546 2985 1676 3060 partum

394 3101 529 3144 aureum
553 3079 595 3144 ad
618 3078 690 3146 Oet.
713 3082 742 3146 6.

501 3186 571 3251 loci
594 3208 692 3251 causa
714 3185 895 3274 appellatus
918 3196 968 3252 cst
990 3185 1111 3254 Caesar
1141 3188 1233 3274 epist.
1257 3186 1300 3252 ad
1322 3186 1398 3252 fam.
1423 3187 1452 3272 8,
1477 3187 1527 3271 15,
1552 3187 1585 3252 2ε
1609 3186 1676 3250 Ve-

394 3302 670 3379 nereprognatns;
682 3292 887 3358 libidinis-
898 3292 1034 3359 Verres:
1046 3292 1141 3358 homo
1157 3295 1311 3359 venerius
1327 3293 1492 3380 (saepius).
1505 3292 1553 3360 of.
1570 3292 1676 3378 Plant,

395 3399 463 3464 Mil.
488 3400 588 3466 1421:
612 3399 792 3465 Venerium
815 3399 1013 3488 nepotulum.
1047 3401 1180 3466 Ironiec
1200 3399 1280 3465 dicit
1302 3404 1341 3466 de
1363 3397 1478 3468 Clodio
1500 3399 1566 3464 Att.
1591 3401 1621 3485 2,
1645 3402 1676 3464 4.

395 3507 429 3574 2:
451 3507 513 3571 iste
545 3506 699 3572 sacerdos
727 3507 836 3573 Bonae
859 3506 948 3572 deae
986 3507 1038 3572 De
1068 3507 1174 3574 Verre
1204 3507 1286 3572 dicit
1317 3506 1410 3572 Vcrr.
1441 3506 1483 3591 V,
1514 3508 1566 3591 56,
1599 3505 1675 3572 146;

394 3611 536 3702 Cyclops
559 3612 649 3700 alter,
672 3613 775 3679 multo
796 3614 1020 3700 importunior.
1043 3613 1194 3680 Eundem
1217 3635 1293 3680 cnm
1316 3611 1429 3702 Scylla
1452 3623 1486 3680 et
1506 3612 1675 3702 Charybdi

396 3730 572 3807 comparat,
597 3719 638 3786 cf.
661 3743 690 3807 p.
717 3721 789 3787 192.

502 3827 680 3892 Antonium
712 3827 852 3915 deniqne
875 3837 1006 3916 propter
1036 3828 1320 3915 intemperantiam
1350 3825 1548 3896 Catamitnm
1570 3827 1676 3892 nomi-

395 3943 452 3998 nat
461 3935 487 4015 ³)
515 3931 596 3999 Phil.
620 3934 650 4019 2,
674 3935 726 4018 31,
751 3935 801 3999 ll.
840 3933 890 4001 Cf.
912 3944 1080 4021 praeterea
1109 3934 1176 4000 Att.
1200 3935 1229 4020 l,
1254 3936 1283 4020 1,
1305 3934 1340 4001 9:
1370 3955 1545 4020 germanus
1568 3933 1676 3999 Larti-

396 4039 470 4104 dius
493 4068 537 4098 =
559 4040 655 4105 homo
686 4063 789 4126 sagax
812 4079 856 4089 -
880 4041 972 4128 epist.
1003 4039 1045 4104 ad
1075 4039 1152 4105 fem.
1177 4041 1206 4123 t,
1237 4041 1293 4106 21:
1324 4041 1369 4105 mi
1399 4039 1498 4107 Testa
1519 4039 1574 4126 (ad
1596 4039 1676 4105 'Pre-

396 4145 529 4232 batium,
552 4147 609 4233 qui
632 4157 701 4212 erat
723 4147 804 4212 iuris
828 4146 1017 4234 consultus).

504 4451 524 4519 ¹)
542 4452 583 4505 01.
602 4448 700 4516 uara,
719 4455 764 4503 Ar.
783 4452 848 4504 Aah.
868 4449 947 4518 1150,
973 4451 1209 4504 Bumbomachides
1228 4452 1315 4505 Plant,
1335 4451 1390 4504 Mil.
1411 4449 1436 4518 1,
1455 4448 1480 4516 1,
1500 4449 1542 4516 14,
1568 4447 1675 4508 Βόταλος

396 4540 521 4592 henchin
540 4539 566 4606 1,
585 4538 740 4606 tat-1643
759 4539 784 4606 2,
803 4537 846 4593 99.
866 4541 963 4606 Sonny,
982 4540 1090 4593 Archiv.
1111 4541 1135 4591 X
1153 4538 1245 4609 (1896)
1263 4557 1288 4607 p.
1307 4537 1368 4594 366.

504 4628 525 4697 ’)
543 4631 579 4680 Et
595 4630 748 4681 Palatinam
773 4630 895 4682 Medeam
921 4645 973 4683 rec.
994 4630 1104 4682 Curium
1126 4629 1350 4682 Fortunatiannm
1369 4629 1397 4680 in
1416 4632 1480 4680 Atto
1497 4628 1632 4681 rhetorica
1649 4643 1675 4695 p.

397 4715 432 4770 92
451 4717 490 4770 ed.
510 4718 657 4785 Oapperon.

505 4804 525 4872 Ι)
543 4807 632 4858 Etiam
651 4807 807 4873 Cytherium
826 4823 843 4858 a
861 4807 979 4876 Cytheri,
997 4821 1066 4873 quaa
1085 4807 1138 4859 luit
1156 4807 1267 4859 Antonii
1285 4808 1396 4859 amasia.
