3892 5808
1384 1141 1473 1248 gv·

301 1500 647 1608 Contumeliae,
693 1527 817 1618 quae
863 1505 903 1593 in
950 1499 1201 1595 Ciceronis
1246 1503 1488 1594 invectivis
1532 1507 1580 1594 et

298 1664 515 1779 epistulis
551 1666 819 1768 occurrunt,
861 1666 1098 1780 quatenus
1140 1661 1401 1754 Plautinum
1438 1664 1579 1756 redo-

718 1825 844 1914 leant
878 1846 1163 1914 sermonem.

873 2034 1003 2101 Scripsit

647 2143 939 2222 Severinus
985 2143 1236 2222 liammer.

403 2461 570 2528 Ciceronis
593 2461 776 2527 invectivas
800 2461 855 2547 qui
879 2461 1063 2526 accuratius
1086 2460 1271 2546 perlegerit,
1303 2460 1399 2526 facila
1423 2461 1579 2526 concedet

244 2635 252 2652 ,
293 2577 456 2632 oratorem
490 2566 579 2632 haud
613 2589 686 2632 raro
717 2578 810 2632 extra
843 2567 1074 2634 moderationis
1105 2577 1137 2632 et
1168 2567 1385 2633 continentiae
1416 2567 1578 2633 cancellos

294 2674 409 2761 egredi
432 2685 464 2740 et
479 2675 585 2760 potius
609 2675 718 2739 omnia
740 2684 907 2762 temptare,
931 2685 967 2739 ut
981 2696 1184 2761 quacumque
1206 2675 1331 2740 ratione
1353 2674 1578 2740 adversarium

296 2804 393 2846 suum
416 2803 498 2847 voce
514 2780 664 2846 obturbet
687 2793 718 2846 et
735 2779 863 2866 deligat,
887 2804 985 2868 quam
1008 2792 1044 2846 ut
1067 2803 1145 2848 vero
1169 2792 1201 2847 et
1217 2782 1344 2846 sincero
1367 2803 1477 2846 rerum
1493 2791 1578 2846 statu

296 2889 425 2974 cognito
449 2899 481 2953 et
503 2899 672 2975 perspecto
695 2887 844 2952 nonnihil
868 2886 907 2953 de
931 2887 1033 2952 nimia
1056 2887 1212 2954 violentia
1235 2887 1384 2954 detrahat
1407 2899 1447 2974 et,
1472 2888 1578 2954 sicubi

293 2994 371 3060 alba
392 2997 563 3081 invenerit,
587 3019 625 3061 ea
648 2995 689 3060 ab
713 2996 793 3060 atris
816 3018 881 3061 non
904 2995 1068 3060 infuscata
1090 3018 1161 3060 ease
1184 2996 1334 3082 patiatur.

402 3103 473 3167 Iam
496 3124 574 3167 vero
609 3102 704 3168 hodie
735 3101 925 3168 Ciceronem
955 3124 1050 3167 nemo
1080 3125 1100 3166 a
1130 3102 1272 3188 partium
1303 3101 1410 3166 studio
1437 3101 1576 3166 liberum

294 3207 398 3274 fuisse
421 3208 615 3276 autumabit:
638 3231 714 3274 nam
737 3219 773 3274 ut
797 3219 904 3274 cetera
928 3208 1015 3274 facta
1038 3209 1302 3295 praetermittam,
1325 3232 1407 3296 quae
1431 3209 1577 3273 animum

293 3315 471 3380 admodum
495 3326 668 3381 ventosum
692 3316 818 3402 sibique
841 3317 1078 3381 inconstantem
1094 3327 1244 3402 arguunt,
1267 3317 1375 3404 ipsum
1398 3315 1480 3380 illud
1503 3337 1577 3402 per-

294 3421 466 3508 vulgatum
490 3422 601 3488 odium
623 3423 838 3488 Vatinianum
861 3445 927 3488 non
950 3445 1028 3488 sane
1051 3423 1176 3487 intimis
1200 3423 1399 3488 accusatoris
1423 3422 1577 3488 medullis

292 3540 487 3616 conceptum
517 3553 589 3596 esse
619 3529 674 3596 vel
697 3553 739 3595 ex
762 3553 799 3595 eo
830 3531 1051 3596 coniecturam
1083 3529 1194 3616 facias,
1225 3529 1311 3617 quod
1341 3540 1414 3617 post
1444 3552 1576 3595 severas

293 3635 368 3701 illas
383 3637 566 3703 invectivas
588 3639 648 3703 vix
671 3637 810 3702 duorum
827 3659 985 3702 annorum
1003 3638 1107 3724 spatio
1122 3637 1291 3702 interiecto
1310 3638 1380 3724 ipse
1396 3636 1576 3702 defensoria

293 3754 402 3830 partes
426 3745 613 3830 susceperit.

401 3851 435 3918 Si
458 3851 559 3936 igitur
582 3851 652 3916 eins
675 3852 831 3916 momenti
845 3851 1006 3915 rationem
1028 3850 1219 3916 habebimus
1243 3850 1433 3917 Ciceronem
1449 3873 1576 3937 quoque

293 3979 526 4044 nonnunquam
550 3957 734 4043 tragoedias
758 3978 854 4044 agere
877 3958 912 4021 in
935 3959 1042 4044 nugis,
1065 3956 1120 4022 vai
1143 3958 1331 4043 certavitia,
1355 3979 1437 4044 quae
1461 3955 1576 4023 advar-

291 4064 387 4128 sariis
422 4063 605 4152 exprobrat,
640 4087 738 4152 supra
773 4063 906 4128 modum
941 4086 1142 4150 exaggerare
1176 4075 1208 4129 et
1242 4063 1459 4150 indignationi
1497 4087 1575 4130 snae

291 4169 433 4236 laxiores
449 4172 633 4258 permittere
656 4170 811 4254 habenas,
834 4182 905 4236 tum
927 4194 1056 4258 quoque
1078 4193 1190 4236 omnes
1207 4170 1387 4236 calumnias
1403 4172 1575 4258 omniaque

292 4278 442 4343 convicia
458 4288 489 4343 et
504 4277 687 4361 maledicta,
710 4277 829 4365 quibus
845 4278 954 4343 obruit
975 4278 1125 4344 inimicos
1146 4301 1231 4364 suos,
1256 4278 1433 4342 maximam
1448 4288 1574 4364 partem

291 4385 516 4449 tantummodo
547 4387 730 4475 βλασφημίας
760 4407 831 4450 esse
858 4384 1095 4470 intellegemus,
1125 4406 1208 4471 quae
1230 4383 1384 4450 videlicet
1413 4383 1574 4449 rhetorico

289 4491 363 4556 eius
386 4492 555 4577 apparatui
577 4514 643 4555 non
665 4492 794 4578 ingrata
816 4491 1039 4556 additamenta
1062 4503 1162 4556 erant.

399 4599 495 4663 Nunc
517 4598 552 4662 id
576 4599 692 4685 agitur,
714 4597 802 4664 unde
825 4598 940 4666 Cicero
965 4621 1040 4663 suas
1064 4597 1278 4663 contumelias
1300 4596 1453 4662 hauserit.
1478 4597 1573 4662 Hanc

289 4702 422 4790 'quidem
454 4705 676 4792 quaestionem
701 4705 827 4772 solvere
857 4727 923 4770 non
947 4716 995 4770 est
1019 4704 1164 4790 difficile,
1196 4705 1223 4769 si
1247 4715 1447 4791 compertum
1473 4703 1573 4769 habes

289 4833 403 4876 omnes
438 4811 681 4878 maledictiones
716 4835 735 4877 a
766 4835 915 4878 sermone
949 4813 1081 4899 vulgari
1116 4835 1209 4877 snam
1243 4812 1403 4898 originem
1436 4810 1573 4876 trahere.
