3892 5808
346 513 368 575 4
558 575 562 578 ,
588 579 593 585 ,
828 535 993 576 ssvnmuus
1016 535 1146 576 urruns
1555 524 1629 596 [180]

345 724 458 810 Itaque
489 722 765 789 verisimillimum
795 734 844 789 est
867 725 1059 793 Ciceronem
1085 747 1212 812 quoque
1243 723 1395 790 adhunc
1429 724 1632 790 uberrimum

345 829 468 896 fontem
492 829 679 917 confugisse
695 832 829 917 eiusque
851 832 929 897 viva
952 843 983 897 et
998 833 1068 918 iugi
1091 853 1175 919 aqua
1198 854 1273 896 suos
1289 831 1466 897 rhetoricos
1482 841 1626 896 tumores

346 938 501 1024 irrigasse
547 948 580 1002 et
617 936 854 1024 quodammodo
884 937 1107 1024 refrigerasse.
1145 937 1258 1024 Neque
1290 939 1421 1002 omnino
1445 936 1631 1001 mirandum

347 1056 396 1109 est
411 1055 570 1109 oratorem
587 1043 819 1109 familiaritatis
842 1044 983 1131 quodam
999 1043 1134 1110 vinculo
1157 1066 1233 1109 cum
1248 1045 1350 1131 poetis
1371 1054 1403 1109 et
1418 1043 1633 1130 scriptoribus

347 1153 560 1218 coniunctum
599 1173 679 1238 esse,
717 1173 854 1238 quorum
890 1174 988 1238 opera
1022 1152 1180 1216 sermonis
1214 1151 1362 1238 vulgaris
1397 1161 1429 1216 et
1463 1150 1632 1216 cottidiani

349 1257 491 1344 effigiem
520 1281 597 1345 prae
629 1281 663 1322 se
694 1257 811 1324 ferunt.
849 1259 924 1345 Ipse
955 1259 1043 1323 enim
1074 1260 1109 1322 in
1141 1257 1287 1344 epistulis
1319 1259 1452 1345 propius
1483 1257 1525 1323 ad
1557 1279 1632 1323 eum

348 1367 487 1431 accessit
510 1366 643 1452 eiusque
667 1364 909 1452 simplicitatem
932 1365 1072 1430 feliciter
1094 1367 1239 1431 imitatus
1263 1376 1319 1431 est.

455 1471 660 1538 Comoediam
699 1493 778 1536 vcro
817 1473 975 1537 sermonis
1014 1471 1161 1560 vulgaris
1199 1472 1330 1538 divitias
1372 1471 1632 1537 luculentissime

348 1578 485 1665 prodere
517 1578 595 1642 satis
626 1588 675 1642 est
708 1588 821 1642 notum
853 1601 1022 1666 superque.
1060 1579 1157 1644 Unde
1188 1580 1222 1643 in
1253 1578 1315 1644 hac
1353 1577 1634 1665 disputatiuncula

349 1683 521 1772 opprobria
550 1683 765 1752 Ciceroniana
796 1707 871 1750 cum
901 1683 1063 1750 Plautinis
1094 1707 1282 1772 comparare
1309 1683 1389 1748 mihi
1412 1685 1565 1771 proposui
1589 1721 1632 1732 —-

349 1803 491 1858 attamen
515 1792 623 1857 statim
638 1791 702 1857 hoc
724 1791 795 1857 loco
819 1791 976 1857 admoneo
987 1791 1049 1877 {me
1069 1792 1165 1857 etiam
1190 1790 1254 1856 alia
1277 1793 1383 1878 poesis
1406 1813 1527 1878 genera
1552 1812 1633 1879 ,per

348 1898 484 1963 humum
512 1899 677 1986 repentia“
704 1937 747 1946 -
771 1921 853 1985 quae
875 1898 964 1963 haud
995 1921 1069 1963 raro
1093 1898 1275 1964 maledictis
1306 1898 1476 1964 abundant
1502 1937 1541 1946 -
1565 1919 1631 1962 non

349 2028 481 2093 prorsus
500 2005 695 2093 neglexisse,
719 2005 776 2070 sed
799 2007 974 2093 praecipue
997 2005 1163 2071 Lucilium
1180 2017 1211 2071 et
1227 2005 1401 2090 Catullum,
1423 2016 1494 2070 tum
1510 2005 1633 2092 passim

350 2113 532 2198 Horatium,
554 2111 747 2198 Martialem,
770 2111 851 2177 alios
874 2111 1064 2197 adscivisse,
1095 2135 1158 2199 quo
1181 2114 1291 2198 imago
1313 2112 1439 2199 plenior
1458 2122 1490 2177 et
1513 2111 1634 2177 clarior

349 2219 448 2284 fieret.
472 2221 644 2284 Praeterea
663 2217 861 2284 Aeschinem
877 2229 908 2283 et
919 2218 1173 2284 Demosthenem
1188 2218 1410 2306 inspiciendos
1422 2240 1493 2283 esse
1509 2217 1632 2306 censui,

349 2325 405 2413 qui
429 2325 587 2391 conviciis
610 2324 861 2412 haudquaquam
882 2326 1110 2391 abstinuerunt
1132 2326 1237 2412 iisque
1261 2336 1375 2391 contra
1397 2347 1468 2390 sese
1489 2325 1632 2390 invicem

350 2431 405 2498 vel
428 2442 542 2497 contra
557 2431 762 2497 adversarios
785 2454 861 2496 suos
885 2432 1072 2518 usisunt1).
1096 2431 1289 2498 Oratoribus
1304 2432 1442 2499 Graecis
1457 2432 1633 2519 praecipue

350 2539 516 2623 antiquam
540 2539 724 2603 Atticorum
748 2538 948 2604 comoediam
965 2538 1234 2604 contumeliarum
1259 2539 1384 2625 copiam
1408 2537 1634 2625 suppeditasse

349 2644 437 2710 haud
452 2645 561 2730 inepte
577 2644 762 2710 contendas.
785 2645 900 2731 Itaque
915 2643 1112 2732 quibusdam
1134 2644 1216 2710 Iocis
1239 2646 1336 2709 etiam
1357 2668 1398 2710 ex
1414 2643 1633 2731 Aristophane

351 2751 487 2838 aliisque
510 2752 644 2816 comicis
667 2751 818 2838 exempla
841 2751 1031 2838 deprompta
1054 2751 1156 2816 attuli.

458 2858 503 2923 Ut
534 2857 666 2944 quidem
699 2859 867 2942 rationem,
892 2880 975 2945 quae
1005 2859 1091 2923 inter
1121 2857 1311 2924 Ciceronem
1347 2868 1379 2923 et
1411 2857 1632 2922 Romanorum

351 2965 492 3031 comicos
523 2965 697 3052 scriptores
721 2967 949 3051 intercesserit,
979 2976 1067 3030 recte
1090 2967 1307 3050 aestimemus,
1337 2965 1561 3030 adnotandum
1584 2976 1635 3030 est

351 3084 512 3137 oratorem
546 3093 625 3159 prae
657 3071 808 3136 omnibus
838 3074 944 3159 poesis
978 3073 1154 3158 generibus
1189 3095 1350 3137 summam
1384 3072 1632 3138 oblectationem

351 3203 369 3245 e
393 3178 560 3245 comoedia
583 3180 716 3266 cepisse.
739 3179 825 3243 Nam
848 3202 890 3244 ex
913 3180 1015 3266 epicis
1038 3179 1140 3266 poetis
1156 3179 1380 3244 tantummodo
1403 3179 1585 3243 Homerum
1601 3189 1635 3243 et

352 3287 496 3354 Ennium
513 3287 591 3350 satis
615 3287 762 3372 cognitos
778 3285 905 3369 habuit3
928 3285 1044 3374 lyricis
1060 3297 1169 3352 autem
1193 3287 1393 3352 carminibus
1409 3286 1543 3350 minime
1558 3307 1633 3350 eum

352 3393 515 3459 studuisse
537 3395 603 3456 iam
634 3414 692 3479 per
715 3415 749 3458 se
772 3404 868 3479 patet,
899 3393 927 3457 si
950 3394 1107 3459 rationem
1130 3391 1288 3458 habemus
1320 3394 1390 3457 eius
1413 3393 1514 3457 animi
1545 3393 1633 3476 sicci,

352 3499 527 3565 rhetorices
539 3498 680 3564 vinculis
692 3500 860 3565 constricti
873 3510 905 3566 et
917 3512 1086 3587 propterea
1100 3499 1258 3564 obdurati.
1282 3499 1368 3567 Satis
1383 3501 1445 3565 erit
1460 3499 1635 3564 admonere

352 3607 542 3672 Ciceronem
566 3604 697 3691 Catulli,
720 3607 975 3691 ingeniosissimi
997 3607 1217 3672 Romanorum
1241 3607 1326 3673 vatis
1343 3606 1457 3693 suique
1480 3605 1636 3693 aequalis,

353 3712 409 3799 qui
431 3713 466 3776 in
490 3711 740 3778 disertissimum
760 3712 890 3777 Romuli
913 3723 1066 3800 nepotum
1089 3713 1233 3798 lepidum
1250 3735 1319 3805 nec,
1344 3713 1449 3799 crede,
1471 3712 1633 3778 insulsum

353 3841 484 3885 carmen
519 3818 667 3903 confecit,
701 3842 742 3884 ne
773 3842 837 3884 uno
868 3820 1000 3906 quidem
1034 3819 1104 3885 loco
1133 3821 1329 3885 mentionem
1363 3820 1490 3885 fecisse.
1514 3859 1551 3868 -
1580 3820 1634 3884 Ex

353 3926 486 4010 tragicis
509 3925 646 3993 Graecis
670 3924 860 4012 Euripidem
873 3927 906 4013 ²),
929 3926 1023 3990 illum
1046 3925 1274 4013 philosophum
1290 3928 1394 4011 magis
1418 3938 1449 3992 et
1471 3926 1634 3992 rhetorem

462 4175 482 4245 ¹)
500 4178 548 4227 Ivo
568 4177 666 4227 Bruns:
693 4179 748 4228 Das
767 4177 934 4228 literarische
954 4179 1061 4228 Pertrat
1078 4178 1126 4228 der
1144 4178 1277 4229 Griechen
1296 4178 1333 4227 Im
1352 4179 1376 4228 V
1394 4193 1420 4230 n.
1440 4179 1478 4228 VI
1496 4178 1633 4229 Jahrhun-

354 4266 413 4316 dest
431 4281 479 4316 vor
497 4265 597 4316 Christi
616 4266 727 4329 Ceben,
745 4283 770 4331 p.
796 4265 850 4320 534
877 4283 932 4332 sqq.
962 4274 989 4316 et
1008 4285 1032 4332 p.
1052 4264 1104 4318 552
1123 4283 1178 4332 sqq.
1206 4267 1399 4317 demonstravit
1418 4283 1434 4317 s
1455 4267 1634 4318 Demosthene

354 4370 453 4404 novum
477 4369 577 4404 morem
600 4354 628 4403 in
651 4355 793 4405 invectivis
824 4355 1005 4406 introductum
1030 4361 1057 4404 et
1081 4355 1196 4406 maxime
1222 4355 1356 4405 excultum
1382 4371 1448 4417 esso,
1472 4370 1567 4420 nempe
1591 4371 1634 4406 res

355 4442 501 4492 adversarii
520 4443 642 4507 priuatas
660 4444 771 4493 notandi
785 4459 897 4509 eumque
909 4443 1060 4493 maledictis
1074 4444 1248 4508 congerendis
1262 4444 1334 4493 omni
1346 4443 1508 4494 defensionis
1527 4444 1633 4495 ratione

354 4531 476 4596 privandi
496 4531 540 4596 (cf.
561 4532 694 4582 orationes
718 4532 747 4582 in
773 4532 945 4596 Stephanum,
968 4533 1109 4594 Cononem,
1129 4532 1288 4582 Aeschinem
1313 4532 1437 4596 habitas).
1465 4532 1541 4581 Idem
1564 4532 1633 4581 iIIud

355 4619 511 4670 Ciceronem
530 4620 670 4670 lectitasse
688 4620 766 4670 initio
785 4620 863 4670 huius
882 4620 1074 4684 disputationis
1093 4621 1305 4671 commemoravi.

462 4705 541 4772 ¹)Cf.
560 4725 600 4760 ex.
620 4724 643 4761 c.
664 4709 741 4773 epist.
760 4710 794 4759 sd
814 4710 877 4762 fem.
897 4710 971 4774 XIII,
992 4708 1033 4773 15,
1053 4709 1083 4762 2:
1109 4712 1201 4774 Itaque
1221 4711 1255 4760 eb
1275 4709 1385 4759 Homeri
1404 4708 1636 4774 magniloquentia

354 4799 463 4848 contero
482 4812 523 4846 use
543 4797 576 4847 ed
596 4813 659 4848 vere
677 4805 822 4862 praecepta
841 4795 973 4862 Εὐριπίδου.
