3892 5808
406 501 449 565 26
886 523 1052 565 snvnnmus
1074 523 1204 566 muunn
1612 494 1686 567 [2⁰2]

405 723 437 780 et
460 712 725 780 crudelissimum
748 711 882 777 hostem.
910 711 960 780 Of.
984 711 1077 779 Gatil.
1100 713 1130 794 2,
1154 711 1184 797 8,
1209 713 1260 777 17.
1283 709 1367 778 Phil.
1392 714 1421 797 t,
1444 711 1474 797 3,
1498 712 1553 794 10;
1576 712 1607 788 4,
1632 713 1686 794 11;

405 821 511 907 l113.
536 821 587 906 13,
610 825 640 904 9,
663 820 715 884 21.
748 819 839 907 epist.
862 817 904 883 ad
938 818 1014 883 fem.
1052 819 1232 904 12,13,1.
1263 817 1305 882 ed
1339 816 1410 883 Oct
1445 820 1475 904 5,
1511 820 1529 884 'i
1562 817 1689 906 (quater

405 927 446 993 de
469 927 636 1012 Antonio).

511 1033 669 1100 Proditor.
700 1033 810 1099 Vatin.
834 1034 863 1118 3,
897 1033 969 1099 ‘Isi
1000 1053 1060 1118 ego
1082 1043 1114 1097 te
1137 1032 1333 1118 perditorem
1364 1041 1396 1098 et
1427 1041 1617 1099 vexatorem
1639 1032 1687 1096 rei

405 1140 556 1230 publicae
578 1140 657 1206 fero.
694 1140 804 1205 Vatin.
830 1142 881 1226 10,
914 1140 957 1205 25
987 1140 1044 1226 qui
1076 1139 1141 1204 duo
1171 1138 1315 1204 nefarios
1345 1140 1469 1226 patriae
1499 1136 1688 1226 proditores,

405 1248 600 1314 domesticos
623 1247 742 1334 hostes,
765 1245 895 1334 legibus
918 1247 1160 1312 exterminaret.

512 1355 629 1421 Nonne
659 1353 741 1420 haec
763 1353 796 1418 in
821 1355 1010 1420 memoriam
1042 1363 1199 1419 revocant
1229 1352 1392 1439 Aristoph.
1416 1352 1516 1439 Vesp.
1539 1354 1606 1417 474
1629 1371 1688 1438 sq.:

406 1457 430 1526 ὦ
454 1454 598 1551 μισόδημε
627 1464 677 1526 καὶ
698 1469 752 1550 τῆς
774 1463 930 1550 μοναρχίας
963 1464 1033 1548 ἐρῶν
1056 1463 1106 1525 καὶ
1129 1452 1220 1536 ξυνὼν
1242 1451 1374 1550 Βρασίδᾳ
1396 1497 1438 1507 -
1464 1458 1506 1524 cf.
1529 1459 1623 1524 Dem.
1647 1459 1689 1524 de

407 1590 470 1634 cor.
496 1569 571 1634 135:
602 1559 747 1657 προδότην
779 1564 847 1632 εἶναι
878 1571 927 1631 καὶ
949 1567 1089 1631 κακόνουν
1111 1605 1156 1616 -
1179 1566 1258 1632 ibid.
1291 1568 1367 1632 137:
1400 1567 1486 1640 αὐτός
1517 1571 1628 1655 ὑπῆρχε
1649 1575 1689 1656 τῇ

407 1676 487 1764 φύσει
498 1675 683 1750 κατάσκοπος
694 1677 744 1740 καὶ
759 1677 895 1762 πολέμιος
906 1684 946 1764 τῇ
958 1666 1126 1762 πατρίδι-
1134 1672 1213 1739 ibid.
1226 1676 1283 1740 61:
1294 1665 1445 1762 προδοτῶν
1456 1697 1506 1737 aar
1517 1664 1689 1761 δωροδόκων

406 1785 456 1846 καὶ
478 1786 557 1856 θεοῖς
575 1785 693 1871 ἐχθρῶν
705 1819 747 1830 -
761 1781 802 1846 cf.
819 1780 860 1846 de
876 1803 941 1848 cor.
956 1783 1014 1865 473
1038 1783 1113 1847 134.
1138 1782 1194 1846 Ar.
1209 1781 1308 1866 Vesp.
1324 1782 1404 1846 411:
1427 1771 1517 1870 ἄνδρα
1531 1781 1690 1868 μισόπολιν,

407 1888 547 1955 Acharn.
572 1890 649 1954 290:
673 1884 697 1952 ὦ
717 1879 846 1979 προδότα
869 1897 922 1977 τῆς
936 1880 1081 1976 πατρίδος.
1103 1887 1211 1953 Plaut.
1234 1887 1317 1953 Rud.
1341 1888 1397 1954 5οε
1421 1886 1513 1952 urbis
1535 1886 1689 1974 proditor.

407 1996 480 2060 Hoc
504 2017 582 2060 sane
603 1997 739 2060 interest
761 1995 851 2060 inter
870 2004 1034 2060 oratorum
1058 2004 1089 2060 et
1113 1995 1313 2060 comicorum
1336 1994 1432 2080 dicte,
1465 1993 1550 2080 quod
1574 1992 1624 2058 illi
1647 2017 1689 2059 ex

408 2103 516 2167 animo
534 2101 720 2189 loquuntur,
742 2101 778 2167 hi
793 2112 902 2167 autern
925 2101 1057 2167 ridendi
1074 2124 1174 2168 causa
1196 2112 1303 2166 amoto
1317 2100 1395 2165 ludo
1420 2101 1505 2166 seria
1520 2111 1688 2188 quaerunt.

513 2208 663 2298 Tyranni
686 2208 946 2274 denominatione
961 2207 1152 2296 plerumque
1168 2208 1289 2274 Verres
1304 2217 1452 2272 vexatur.
1475 2208 1569 2272 Verr.
1592 2207 1619 2293 I,
1637 2208 1689 2293 32,

408 2317 464 2382 82:
489 2337 564 2381 cum
586 2325 619 2380 te
641 2317 676 2380 in
698 2315 826 2404 oppidis
850 2326 882 2381 et
904 2316 1094 2382 civitatibus
1117 2316 1298 2381 amicorum
1324 2337 1390 2379 non
1413 2313 1556 2400 legatum
1579 2312 1690 2401 populi

407 2422 555 2508 Romani,
570 2422 627 2488 sed
643 2434 821 2512 tyrannum
837 2422 1050 2488 libidinosum
1066 2421 1297 2508 crudelemque
1311 2421 1512 2510 praebueris.
1534 2421 1611 2486 Ver.
1627 2420 1690 2507 HI,

411 2531 461 2615 10,
484 2530 541 2595 25:
563 2541 674 2594 utrum
697 2531 852 2617 praetoris
875 2530 1032 2595 iustitiam
1048 2530 1083 2594 in
1100 2531 1204 2595 socios
1227 2552 1270 2594 an
1285 2530 1320 2593 in
1335 2529 1442 2594 hostes
1462 2529 1567 2594 victos
1582 2528 1690 2592 insani

407 2636 552 2703 edictum
575 2647 671 2724 etque
694 2637 868 2725 imperium
890 2639 1031 2727 tyranni.
1055 2638 1149 2702 Verr.
1163 2637 1204 2723 V,
1227 2638 1280 2724 44,
1306 2639 1383 2703 117ε
1405 2658 1470 2701 non
1487 2635 1528 2700 de
1542 2645 1690 2721 praetore

410 2743 551 2829 Siciliae,
576 2743 633 2809 sed
656 2743 697 2808 de
720 2743 846 2810 nefario
869 2753 1010 2834 tyranno
1032 2745 1104 2809 ficri
1126 2742 1286 2810 iudicium
1310 2743 1495 2809 arbitratur.

515 2851 624 2916 Etiam
647 2848 766 2915 Caesar
792 2861 823 2916 et
845 2851 1021 2934 Antonins3
1038 2851 1080 2916 cf.
1103 2852 1170 2916 Att.
1196 2853 1224 2937 t,
1248 2852 1300 2937 20,
1324 2851 1354 2915 2.
1379 2851 1408 2936 8,
1431 2851 1462 2936 2,
1484 2850 1582 2934 4.10,
1609 2852 1637 2934 1,
1661 2849 1691 2914 3.

410 2959 461 3043 10,
484 2959 514 3040 4,
538 2959 567 3022 3.
592 2957 643 3042 10,
668 2959 710 3022 12
733 2956 763 3043 b,
799 2959 828 3022 1.
855 2957 905 3044 15,
931 2959 962 3044 3,
984 2960 1019 3041 2;
1042 2959 1094 3045 20,
1119 2961 1148 3024 2.
1175 2959 1225 3044 14,
1249 2957 1279 3044 5,
1303 2959 1332 3022 2.
1358 2958 1408 3042 14,
1432 2958 1462 3044 6,
1485 2958 1514 3022 2.
1540 2958 1590 3041 14,
1614 2957 1644 3042 0,
1660 2956 1690 3020 2.

410 3065 537 3150 14,14,
570 3065 600 3128 2.
637 3065 689 3151 14,
727 3067 776 3150 14,
811 3068 841 3129 4.
875 3066 1003 3152 1417,
1040 3067 1069 3131 6.
1101 3067 1150 3149 16,
1176 3067 1227 3150 14,
1252 3066 1281 3130 1.
1304 3065 1396 3150 epist.
1419 3063 1462 3128 ad
1485 3063 1562 3128 fem.
1587 3064 1637 3148 12,
1663 3065 1691 3148 l,

408 3173 439 3237 2.
465 3174 517 3256 12,
542 3173 595 3257 12,
620 3173 649 3236 2.
674 3171 716 3235 ad
739 3173 778 3254 Q.
802 3170 842 3236 fr.
869 3176 896 3258 1,
920 3175 949 3258 1,
972 3174 1002 3237 9.
1026 3171 1068 3237 ad
1091 3173 1181 3237 Brut.
1206 3174 1235 3258 1,
1257 3174 1287 3256 4,
1311 3173 1341 3238 5.

498 3277 656 3345 Similiter
682 3277 884 3344 Graecorum
915 3279 1032 3344 comici
1054 3277 1216 3344 Periclem
1239 3277 1458 3343 'nominabant
1475 3279 1625 3364 τόραννονς
1648 3277 1690 3342 ef.

409 3384 531 3452 Oratin.
554 3384 593 3448 fr.
617 3385 683 3449 240
707 3385 761 3449 K:
789 3383 896 3459 Στάσις
918 3375 951 3449 δὲ
974 3387 1023 3448 καὶ
1045 3384 1240 3474 πρεσβυγενὴς
1266 3383 1374 3473 Κρόνος
1397 3383 1548 3473 ἀλλήλοισι
1572 3384 1691 3474 μιγέντε

409 3493 546 3581 μέγιστον
568 3494 706 3555 τίκτετον
728 3492 864 3579 τύραννον
876 3493 908 3578 ¹).

515 3598 613 3663 Nunc
636 3599 671 3662 in
695 3597 796 3662 alium
820 3597 1049 3664 descendimus
1074 3620 1235 3685 campum,
1258 3598 1294 3663 in
1317 3620 1380 3685 quc
1404 3598 1517 3666 Cicero
1541 3595 1634 3662 nulla
1649 3618 1691 3661 ex

408 3716 501 3794 parte
525 3705 659 3770 comicis
683 3704 778 3770 ccditi
802 3705 847 3771 Hi
872 3705 959 3770 enim
976 3704 1181 3793 saepiuscule
1204 3704 1245 3770 ab
1262 3703 1459 3770 animalibus
1470 3708 1494 3788 ²)
1517 3703 1692 3792 opprobria

410 3823 530 3899 petunt.
553 3812 653 3898 Apud
668 3812 859 3879 Ciceronem
875 3811 1017 3876 maxime
1041 3813 1161 3876 usitata
1177 3811 1327 3899 epitheta,
1350 3833 1434 3899 quae
1449 3810 1491 3876 ad
1506 3809 1569 3876 hoc
1587 3831 1691 3898 genus

410 3919 580 4005 pertinent,
604 3941 686 3985 sanc
708 3918 801 3984 haec:
825 3917 955 4004 animal,
978 3917 1085 4006 belua,
1108 3940 1217 4004 pecus.

515 4027 610 4092 Verr.
634 4027 660 4113 Ι,
685 4027 737 4110 16,
760 4027 816 4092 42:
840 4036 897 4091 aut
920 4024 1083 4113 adquam
1106 4048 1196 4112 spem
1219 4036 1286 4090 tem
1299 4024 1517 4112 perfidiosum,
1539 4037 1607 4090 tam
1630 4025 1691 4089 im-

409 4143 584 4220 portunum
616 4131 738 4198 animal
768 4132 968 4198 reservetis?
1006 4132 1071 4197 Pis.
1102 4133 1132 4219 9,
1163 4134 1205 4197 21
1237 4131 1428 4220 complexus
1458 4155 1493 4198 es
1523 4131 1691 4198 funestum

518 4348 598 4413 1)()1.
620 4349 708 4401 Plcut.
736 4347 830 4398 Pseud.
849 4346 902 4401 682
925 4353 1040 4413 tyranne
1063 4346 1124 4415 (hcc
1147 4348 1206 4398 loco
1230 4348 1325 4400 Pseud.
1351 4345 1576 4416 paratragoedat).
1613 4348 1692 4414 Apud

410 4437 552 4501 scriptores
571 4436 768 4488 ecclesiasticos
787 4435 837 4487 hcc
855 4437 999 4488 maledicto
1017 4437 1125 4487 minime
1144 4436 1313 4488 offendimur:
1335 4438 1370 4488 ci.
1389 4437 1466 4489 Lact.
1485 4435 1517 4486 de
1536 4441 1614 4487 mort.
1632 4453 1692 4502 per-

411 4532 493 4580 secut.
513 4541 536 4577 c.
557 4524 755 4590 1tyrannorum
767 4526 874 4577 nefaria
892 4531 919 4576 et
938 4533 1050 4577 cruenta
1068 4526 1189 4592 imperia,
1209 4541 1231 4579 c.
1251 4524 1276 4579 2.
1296 4526 1468 4576 exsecrabilis
1487 4541 1520 4577 ac
1538 4541 1636 4577 nocens
1650 4533 1691 4592 ty·

411 4629 511 4664 rannus
530 4615 577 4678 (sc.
596 4615 685 4680 Nero),
704 4630 727 4667 c.
746 4612 781 4666 31
800 4629 816 4664 ο
835 4613 1033 4666 dementissime
1052 4621 1173 4680 tyranne,
1193 4616 1228 4668 cf.
1248 4631 1271 4669 c.
1291 4613 1308 4668 6
1327 4622 1354 4666 et
1372 4613 1415 4668 49.

519 4699 598 4766 ²)ct.
624 4703 790 4768 cognomina,
816 4704 913 4769 quibus
937 4719 1023 4755 sermo
1045 4705 1158 4755 Latinus
1183 4705 1258 4770 large
1280 4705 1438 4770 copioseque
1466 4709 1507 4755 set
1530 4704 1691 4756 instructus:

412 4790 513 4854 Stellio,
533 4791 625 4857 Buteo,
643 4793 726 4856 Muto,
746 4791 809 4844 alic.
