3892 5808
323 538 394 611 [183]
859 549 1072 592 ocurunuurau
1584 527 1601 591 7

321 733 378 800 ubi
412 735 512 800 istum
543 745 711 822 oratorem,
746 757 765 800 a
794 737 831 801 L.
862 735 1052 823 Sempronio
1083 736 1233 801 Atratino
1269 737 1309 802 de
1340 737 1374 802 vi
1405 747 1603 823 accusatum,

321 839 545 929 impudicitiae
568 843 705 908 crimine
729 841 881 930 expedire
904 852 1041 908 conatur
1061 852 1093 908 et
1107 843 1243 908 remisso
1266 843 1441 931 supercilio
1463 843 1498 908 in
1518 844 1603 909 eius-

322 947 396 1014 dem
419 947 556 1014 iuvenili
579 949 829 1036 intemperantia
860 950 1013 1016 conivere
1035 949 1175 1033 videtur,
1197 950 1244 1016 ita
1265 951 1385 1038 pergit:
1416 959 1492 1016 sunt
1516 951 1604 1015 enim

322 1055 385 1120 ista
407 1054 581 1121 maledicta
611 1055 802 1143 pervolgata
824 1056 860 1120 in
883 1057 998 1142 omnis,
1027 1079 1166 1144 quorum
1188 1057 1223 1120 in
1247 1056 1468 1123 adnleseentia
1498 1056 1604 1122 forma

322 1171 353 1227 et
376 1162 501 1248 species
524 1161 761 1245 sublimaria
784 1162 842 1229 sed
866 1163 957 1228 aliud
979 1173 1029 1230 est
1050 1162 1271 1249 maledicere,
1294 1163 1383 1228 aliud
1399 1185 1555 1230 accusare
1566 1167 1603 1247 1):

325 1269 489 1335 accusatio
525 1271 650 1336 crimen
685 1269 856 1357 desiderat,
891 1293 961 1336 rem
992 1281 1028 1336 ut
1058 1269 1192 1336 definiat
1228 1269 1404 1354 [hominem
1434 1280 1470 1334 ut
1500 1273 1601 1356 notet]

322 1385 514 1462 argumento
547 1377 671 1464 probet,
704 1387 785 1442 teste
821 1377 1000 1462 confirmet3
1032 1376 1217 1443 maledictio
1252 1387 1360 1442 autem
1391 1375 1473 1441 nihil
1505 1376 1603 1442 habet

320 1483 476 1570 propositi
491 1493 620 1570 praeter
635 1484 877 1550 contumeliam:
901 1507 984 1572 quae
999 1485 1027 1548 si
1042 1483 1241 1572 petulantius
1256 1485 1397 1548 iactatur
1412 1484 1602 1570 convitium,

322 1589 350 1654 si
373 1589 512 1656 facetius
536 1589 703 1656 urbanitas
719 1592 912 1656 nominatur.
931 1629 970 1639 -
984 1591 1098 1678 Itaque
1120 1590 1176 1656 hic
1192 1591 1290 1656 etiam
1313 1589 1372 1656 illa
1395 1589 1603 1656 distinctione

320 1697 422 1762 utitur
446 1706 477 1762 et
500 1696 636 1762 alterum
665 1697 910 1764 cavillationum
932 1719 1036 1784 genus
1059 1698 1210 1785 quamvis
1226 1720 1291 1763 non
1315 1707 1433 1785 aperte,
1456 1707 1599 1763 attamen

322 1803 400 1868 satis
422 1803 594 1869 evidenter
615 1804 739 1892 probat.
762 1805 837 1871 Non
860 1828 937 1870 sane
960 1803 1135 1870 admodum
1158 1803 1220 1870 hoc
1243 1804 1344 1870 altero
1367 1826 1487 1892 genere
1510 1803 1603 1872 Cice-

320 1931 433 1975 ronem
456 1909 633 1976 notabilem
657 1933 737 1996 esse,
761 1935 802 1978 ex
824 1913 875 1998 iis,
898 1935 981 1999 quae
1005 1923 1187 1999 sequentur,
1208 1911 1446 1998 intellegemus.

427 2017 535 2104 Atque
566 2017 648 2084 haec
679 2018 811 2106 quidem
841 2018 1007 2085 hactenus.
1045 2019 1143 2085 Nunc
1174 2018 1215 2084 ad
1245 2041 1315 2084 rem
1346 2019 1451 2105 ipsam
1473 2017 1603 2084 accedo.

323 2123 388 2191 Sed
411 2123 549 2190 antehac
572 2125 607 2189 in
630 2126 821 2191 universum
845 2125 1020 2192 dicendum
1048 2136 1097 2190 est
1120 2125 1311 2192 Ciceronem
1334 2126 1369 2189 in
1391 2125 1454 2191 hac
1476 2147 1603 2212 quoque

320 2253 365 2326 re.
378 2231 554 2318 praecipue
576 2233 612 2296 in
635 2232 834 2299 orationibus
861 2232 1023 2298 rhetorem
1046 2231 1269 2298 tantummodo
1292 2254 1423 2320 perraro
1448 2231 1601 2297 dissimu-

320 2337 389 2403 lare
410 2339 563 2426 potuisse.
602 2339 796 2427 Plerumque
827 2340 914 2406 euim
944 2362 1010 2406 non
1041 2340 1119 2404 satis
1141 2339 1240 2405 habet
1269 2361 1372 2404 unum
1404 2338 1459 2405 vel
1482 2339 1604 2426 aliquot

320 2444 496 2511 maledicta
511 2446 628 2511 iuxtim
645 2469 846 2534 componere,
870 2446 927 2512 sed
942 2470 981 2512 ea
996 2469 1070 2512 cum
1094 2446 1266 2513 adiectivis
1282 2447 1461 2512 maximam
1477 2456 1602 2533 partem

320 2552 355 2616 in
379 2553 575 2640 superlativo
605 2553 711 2638 gradu
733 2555 847 2642 positis
871 2555 1041 2639 coniungit
1070 2564 1102 2618 et
1125 2554 1256 2619 omnino
1288 2553 1357 2620 fere
1380 2575 1507 2640 semper
1534 2555 1603 2620 acri

320 2681 447 2725 veneno
462 2660 687 2726 adversarium
710 2659 811 2726 laedit
826 2671 858 2726 et
872 2661 1048 2748 perfundit.
1071 2661 1156 2725 Tum
1171 2661 1272 2726 etiam
1288 2660 1403 2748 figuris
1418 2660 1601 2727 rhetoricis:

320 2765 949 2853 exclamationibus,interrogationibus,
969 2766 1140 2853 similibus,
1158 2768 1334 2855 praecipue
1341 2777 1450 2832 tamen
1458 2767 1601 2833 abstrae

319 2874 362 2938 tis
377 2872 516 2956 (scilicet
537 2872 589 2938 his
612 2873 762 2940 omnibus
784 2875 819 2938 in
843 2874 963 2940 malam
986 2884 1111 2961 partam
1135 2873 1302 2956 adhibitis)
1325 2875 1395 2940 eius
1417 2875 1602 2940 invectivae

320 2989 453 3045 scatent.
491 2980 531 3044 In
556 2980 702 3068 epistulis
725 3003 761 3045 re
784 3003 863 3046 vera
893 2982 998 3067 magis
1022 2992 1070 3046 est
1098 2980 1230 3068 elegans
1254 2991 1286 3047 et
1308 2980 1442 3066 facetus,
1474 2983 1602 3067 saepius

320 3085 496 3152 verborum
519 3086 607 3152 lusui
623 3087 731 3152 studet
754 3098 794 3173 et,
817 3087 1091 3174 quemadmodum
1115 3089 1233 3153 comici
1248 3087 1358 3154 facere
1381 3087 1493 3173 solent,
1517 3109 1602 3153 nova

320 3192 492 3280 iocoseque
515 3194 675 3260 vocabula
698 3194 800 3280 fingit.

426 3300 590 3382 Quoniam
628 3301 792 3367 abstracta
825 3301 1019 3389 primarium
1056 3302 1150 3389 quasi
1184 3300 1292 3367 locum
1326 3301 1361 3366 in
1396 3300 1602 3366 contumeliis

320 3407 518 3474 aOicerone
548 3409 712 3494 usurpatis
735 3409 891 3494 obtinent,
923 3409 1043 3495 optimo
1073 3409 1145 3474 iure
1168 3408 1208 3473 ab
1231 3408 1273 3473 iis
1303 3408 1433 3473 initium
1466 3409 1602 3495 capiam,

320 3514 405 3582 Satis
439 3525 565 3580 constat
601 3514 749 3601 linguam
786 3516 938 3582 Latinam
977 3515 1088 3581 verbis
1126 3514 1298 3581 abstractis
1332 3515 1493 3602 imprimis
1531 3537 1602 3580 esse

428 3745 446 3816 1)
464 3754 614 3814 temperare
633 3750 698 3800 mihi
718 3765 902 3815 scuposam,
921 3751 986 3816 quin
1005 3750 1119 3800 similem
1138 3749 1326 3800 Demosthenis
1343 3747 1602 3814 (decor.123)san-

319 3839 433 3888 tentiam
460 3838 583 3890 afferam:
612 3836 662 3908 ἐγὼ
680 3837 799 3908 λοιδορίαν
816 3837 962 3908 κατηγορίας
987 3837 1065 3908 τούτῳ
1083 3837 1196 3906 διαφέρειν
1213 3836 1325 3908 ἡγοῦμαι,
1344 3841 1379 3906 τῷ
1397 3835 1439 3904 τὴν
1456 3834 1602 3906 κατηγορίαν

318 3922 443 3993 ἀδικήματ’
462 3923 530 3995 ἔχειν,
549 3917 582 3978 ὧν
600 3925 624 3978 ἐν
641 3929 691 3992 τοῖς
709 3931 789 3996 νόμοις
808 3925 863 3979 εἰσίν
881 3926 904 3978 αἱ
922 3925 1040 3996 τιμωρίαι,
1059 3925 1101 3993 τὴν
1118 3924 1144 3978 δὲ
1161 3925 1280 4000 λοιδορίαν
1302 3925 1462 3995 βλασφημίας,
1488 3923 1518 3990 hg
1536 3923 1601 3978 κατὰ

318 4012 360 4081 τὴν
378 4013 456 4065 αὑτῶν
475 4013 541 4083 φίοιν
558 4016 609 4080 τοῖς
628 4013 726 4084 ἐχθροῖς
744 4014 796 4084 περί
814 4014 927 4082 ἀλλήλων
945 4013 1063 4084 συμβαίνει
1080 4013 1163 4085 λέγειν.
1193 4018 1290 4067 Postea
1307 4017 1375 4068 dicit
1393 4023 1482 4067 orator
1500 4016 1601 4067 iudicia

318 4121 372 4156 non
391 4121 422 4156 eo
441 4105 553 4156 consilio
578 4121 636 4156 esse
655 4121 672 4156 a
689 4106 835 4157 maioribus
854 4107 988 4171 instituta,
1013 4111 1043 4156 ut
1062 4106 1211 4156 adversarii
1232 4121 1290 4155 sese
1308 4105 1425 4156 invicem
1450 4105 1600 4156 maledictis

318 4193 462 4244 obruerent
479 4221 515 4232 ι-
533 4189 626 4244 ἀλλ’ἵνα
637 4190 805 4263 ἐξελέγχωμεν,
815 4191 897 4252 ἐίινιις
914 4191 1037 4260 ἠδικηκώς
1055 4211 1077 4244 τι
1094 4191 1204 4263 τυγχάνει
1222 4191 1263 4260 τὴν
1281 4190 1356 4244 πόλιν.
1375 4195 1452 4245 Haec
1471 4193 1554 4244 verbs
1566 4194 1600 4244 ud

318 4282 477 4333 Aeschinem
494 4283 637 4349 pertinent,
657 4285 702 4350 qui
720 4281 838 4352 λοιδορίαν
855 4281 894 4333 καλ
912 4280 1109 4351 προπηλακισμὸν
1127 4284 1273 4335 secuudum
1291 4285 1368 4334 Dsm.
1387 4284 1420 4334 de
1432 4299 1485 4334 cor.
1501 4281 1533 4334 la
1549 4283 1600 4334 cri-

318 4371 435 4422 minibus
454 4373 650 4437 praemittebat,
670 4373 750 4423 aliter
762 4379 842 4439 atque
860 4374 917 4439 ipse
936 4372 987 4440 (Oi.
1007 4373 1040 4424 ds
1059 4389 1111 4426 cor.
1132 4369 1183 4437 11),
1204 4373 1249 4438 qui
1269 4388 1297 4422 so
1315 4389 1367 4422 non
1387 4387 1445 4422 esse
1465 4368 1601 4438 φιλοίδορον

318 4459 437 4511 affirmat
455 4458 498 4528 (ds
516 4477 569 4514 cor.
590 4460 659 4526 126).
678 4463 755 4513 Haec
768 4463 932 4514 asseveratio
950 4479 1004 4512 uon
1016 4462 1157 4528 impedivit
1170 4470 1259 4512 tamen
1272 4461 1440 4525 Aeschinem,
1460 4461 1600 4526 quominus

316 4549 384 4600 talia
407 4565 454 4600 sno
474 4549 626 4601 adversario
651 4550 769 4601 obiceret
787 4551 819 4601 de
839 4551 899 4604 fals.
919 4551 970 4617 leg.
989 4550 1007 4604 8
1026 4560 1106 4604 sxta:
1127 4547 1270 4600 διατετέλεκε
1289 4546 1335 4618 γὰρ
1355 4545 1385 4607 εἰς
1404 4547 1466 4618 ἡμᾶς
1497 4546 1599 4616 ὑβρίζων

317 4635 356 4686 καλ
374 4635 491 4705 λοιδορίας
510 4635 595 4706 ψευδεῖς
614 4635 657 4688 οὐκ
675 4634 728 4706 ἐμοὶ
746 4639 818 4707 μόνον
835 4636 1024 4707 λοιδορούμενος,
1043 4634 1107 4688 ἀλλὰ
1125 4637 1167 4690 καί
1186 4639 1235 4697 τοῖς
1253 4635 1344 4702 ἄλλοις.
1363 4639 1418 4688 Νοι
1437 4640 1494 4689 sine
1513 4639 1554 4689 ira
1573 4645 1600 4690 et

318 4727 405 4777 studio
424 4727 550 4779 Aeschini
568 4728 596 4778 in
615 4728 667 4779 hac
685 4728 792 4794 quidem
811 4744 839 4779 re
858 4728 1017 4793 adstipulari
1035 4745 1183 4795 possumus;
1202 4730 1356 4780 conferatur
1373 4728 1494 4778 Midiana
1513 4734 1540 4778 st
1551 4729 1599 4778 Ivo

318 4817 407 4866 Bruns
426 4816 443 4867 l.
463 4815 481 4866 l.
501 4832 561 4882 pag.
581 4815 691 4882 5711q.
