3892 5808
380 527 425 593 30
861 551 1027 594 snvnnmus
1049 553 1179 594 nruuur
1589 529 1663 600 [20⁶]

380 749 457 826 puto
480 752 512 804 et
534 738 608 804 illos
635 741 669 803 in
692 738 743 804 his
766 739 898 827 (aquila,
929 741 1052 826 vultur)
1076 743 1247 829 nominari,
1278 743 1334 830 qui
1357 742 1474 808 alienis
1506 743 1664 809 incubant

380 845 538 911 mortibus
570 857 602 912 et
631 856 700 911 arte
730 846 871 933 quadam
906 847 960 913 vel
991 847 1107 913 fraude
1137 859 1330 914 testamenta
1360 850 1534 915 subiciunt.
1565 849 1663 915 huius

380 952 469 1017 modi
502 954 590 1018 enim
620 952 767 1018 homines
797 953 946 1019 vultures
970 964 1001 1018 et
1031 954 1158 1042 aquilae
1189 957 1304 1021 merito
1336 955 1543 1044 appellantur
1574 956 1665 1024 velut

380 1069 581 1126 mortuorum
604 1059 820 1126 cadaveribus
843 1059 1015 1126 inhiantes.

487 1166 651 1232 Videlicet
680 1168 746 1232 iam
771 1168 925 1232 aterrima
955 1167 1014 1232 bili
1037 1167 1135 1233 istum
1159 1169 1311 1234 Pisonem
1322 1169 1346 1258 1)
1379 1191 1533 1236 exercere
1557 1180 1664 1235 orator

380 1274 443 1339 sibi
470 1275 641 1361 proposuit,
665 1276 692 1339 si
716 1295 791 1339 eum
814 1275 912 1340 etiam
935 1273 997 1340 hoe
1021 1276 1214 1361 cognomine
1238 1275 1424 1364 appellavit,
1447 1276 1534 1364 quod
1557 1276 1664 1364 aptius

380 1380 422 1445 ad
446 1381 583 1446 Verrem
607 1380 724 1446 referri
747 1381 895 1468 potuerit.
918 1381 1003 1446 Nam
1027 1382 1091 1446 Pis.
1108 1383 1138 1469 9,
1163 1385 1204 1448 19
1227 1383 1273 1447 ita
1296 1383 1389 1449 dicit:
1414 1383 1581 1448 consulem
1604 1405 1664 1469 ego

380 1498 451 1552 tum
473 1486 678 1573 quaerebam,
701 1487 867 1552 consulem
890 1488 1033 1575 inquam,
1056 1511 1121 1554 non
1144 1488 1236 1555 illum
1261 1489 1402 1577 quidem,
1425 1513 1523 1578 quem
1545 1491 1580 1554 in
1602 1489 1665 1555 hoe

381 1593 492 1658 maiali
515 1594 666 1659 invenire
688 1616 754 1658 non
776 1616 914 1680 possem.

488 1700 562 1765 Hoc
585 1701 680 1765 modo
703 1701 795 1788 quasi
825 1701 915 1766 viam
938 1701 1019 1766 mihi
1042 1704 1248 1788 praemuniri
1279 1703 1321 1768 ad
1345 1727 1383 1769 ea
1407 1705 1557 1770 convicia
1579 1715 1666 1769 trac-

380 1807 488 1892 tanda,
519 1807 554 1870 in
577 1807 695 1895 quibus
719 1807 914 1872 adhibendis
937 1808 1052 1876 (iicero
1075 1810 1293 1875 urbanitatem
1317 1811 1481 1898 quandam
1504 1811 1666 1898 quaesivit

384 1936 519 2000 eamque
543 1937 577 1979 ιθ
601 1924 786 1980 assecutum
809 1937 880 1980 esse
911 1915 981 1980 sine
1005 1914 1104 1980 dubio
1134 1939 1326 2002 persuasum
1350 1918 1414 1983 sibi
1435 1917 1557 1983 habuit.
1581 1917 1667 1984 Satis

381 2020 530 2086 idoneam
569 2023 773 2087 occasionem
808 2023 928 2087 oratori
962 2023 1078 2087 Verris
1112 2046 1231 2090 nomen
1265 2024 1391 2089 obtulit.
1429 2027 1542 2111 Neque
1576 2025 1663 2089 enim

381 2127 518 2193 difficile
541 2139 590 2194 est
614 2129 871 2211 similitudinem,
894 2151 978 2216 quae
1000 2130 1087 2195 inter
1109 2152 1227 2195 nomen
1250 2132 1419 2218 proprium
1445 2131 1607 2219 ,Verrcs“
1633 2142 1665 2196 et

380 2236 530 2323 ὁμώνυμον
553 2257 664 2301 verres
688 2235 744 2323 (=
768 2235 898 2322 porcus)
921 2236 1102 2314 intercedit
1133 2239 1326 2324 perspicere.
1366 2231 1465 2304 Hunc
1487 2239 1666 2305 verborum

380 2342 489 2407 lusum
513 2343 628 2409 Cicero
650 2342 800 2430 plurimis
823 2342 903 2409 locis
926 2344 1034 2409 iactat.

488 2450 564 2515 Div.
587 2451 623 2514 in
646 2449 739 2517 (laec.
758 2451 808 2536 17,
831 2451 888 2516 57:
912 2450 970 2515 sed
993 2461 1127 2537 repente
1150 2473 1168 2516 θ
1191 2451 1332 2537 vestigio
1355 2475 1396 2518 ex
1419 2451 1558 2538 homine,
1581 2463 1665 2517 tam-

382 2579 479 2642 quam
503 2556 611 2644 aliquo
634 2557 769 2625 Circaeo
784 2557 910 2644 poculo,
934 2557 1042 2623 factus
1065 2569 1114 2624 est
1137 2559 1267 2624 Verres.
1291 2560 1366 2624 Ver.
1382 2560 1408 2646 I,
1431 2561 1484 2646 46,
1509 2562 1586 2626 121:
1609 2560 1666 2625 alii

381 2664 480 2728 etiam
496 2663 683 2750 frigidiores
700 2673 802 2746 erant,
826 2664 894 2750 sed,
909 2666 985 2751 quia
1001 2665 1297 2752 stomachabantur,
1319 2665 1453 2732 ridiculi
1468 2667 1666 2733 videbantur

382 2792 461 2855 esse,
492 2793 568 2837 cum
596 2770 805 2837 Sacerdotem
834 2771 1097 2859 exsecrabantur,
1128 2773 1182 2860 qui
1205 2795 1334 2838 verrem
1357 2783 1425 2838 tam
1451 2796 1593 2860 nequam
1615 2797 1666 2839 re-

381 2877 538 2970 liquisset.
577 2878 671 2943 Verr.
695 2877 739 2964 H,
765 2879 815 2964 73,
840 2881 918 2945 191:
949 2879 1068 2944 videtis
1092 2878 1306 2945 Verrutium?
1336 2879 1455 2946 videtis
1486 2891 1664 2946 extremam

381 2994 506 3070 partem
529 2985 680 3070 nominis,
704 2984 843 3051 caudam
854 2985 878 3072 ²)
901 2985 993 3051 illam
1008 2987 1132 3073 Verris,
1154 2997 1319 3074 tamquam
1342 2989 1376 3051 in
1392 2987 1460 3052 luto
1484 2987 1667 3054 demersam

382 3113 453 3157 esse
476 3091 511 3154 in
533 3090 657 3156 litura?
694 3091 771 3156 Ver.
795 3092 853 3178 IV,
877 3094 930 3180 24,
952 3093 996 3158 53
1020 3116 1097 3158 nam
1119 3117 1179 3159 noe
1202 3093 1335 3181 quidem
1365 3094 1444 3182 quid
1467 3094 1607 3160 facimus
1631 3096 1667 3159 in

381 3199 494 3283 Verre,
518 3221 614 3284 quem
637 3200 673 3262 in
695 3197 763 3264 luto
786 3199 968 3265 volutatum
991 3201 1089 3266 totius
1113 3201 1259 3288 corporis
1282 3201 1431 3287 vestigiis
1454 3200 1666 3267 invenimus?

382 3304 476 3370 Verr.
499 3305 559 3390 IV,
581 3306 634 3392 43,
657 3306 713 3372 95:
736 3304 884 3370 velutin
906 3305 969 3372 hac
991 3329 1027 3372 re
1050 3307 1188 3393 aiebant,
1210 3309 1246 3372 in
1268 3307 1396 3374 labores
1420 3308 1572 3375 Herculis
1600 3331 1666 3374 non

382 3412 491 3475 minus
506 3410 595 3477 hunc
609 3412 882 3477 immanissimum
898 3413 1047 3498 Verrem,
1062 3437 1160 3501 quam
1175 3413 1270 3480 illum
1286 3437 1401 3503 aprum
1412 3415 1667 3504 Erymanthium

385 3517 501 3583 referri
525 3528 681 3606 oportere.
699 3557 739 3568 -
758 3519 908 3586 (letarum
922 3521 1020 3586 etiam
1044 3521 1132 3610 apud
1154 3520 1309 3587 Plautum
1332 3521 1402 3590 Mil.
1427 3523 1514 3589 1059
1538 3545 1583 3609 sq.
1606 3524 1664 3589 Pa·

383 3623 514 3689 laestrio
538 3648 595 3690 suo
619 3647 674 3690 ero
696 3637 867 3713 praesente
890 3627 986 3715 paulo
1006 3627 1155 3694 acerbius
1187 3628 1227 3693 de
1250 3651 1288 3694 co
1319 3629 1473 3716 loquitur:
1504 3629 1568 3694 nisi
1590 3629 1667 3694 huic

384 3732 473 3797 verri
507 3731 655 3797 adfertur
677 3755 812 3820 merces,
843 3756 908 3799 non
931 3734 985 3800 hic
1017 3758 1075 3801 suo
1106 3736 1242 3801 seminio
1273 3758 1468 3823 quemquam
1491 3735 1668 3824 porcellum

383 3839 628 3925 impertiturust.
653 3839 702 3908 of.
726 3839 805 3906 Hor.
829 3863 877 3928 ep.
901 3841 927 3926 Ι,
950 3843 981 3927 4,
1006 3843 1061 3908 16;
1084 3842 1221 3928 Epicuri
1244 3841 1285 3908 de
1308 3863 1409 3929 grege
1431 3865 1559 3929 porcus.

489 3945 610 4031 Restat,
641 3956 677 4010 ut
700 3956 813 4012 notum
842 3947 926 4012 illud
948 3949 999 4012 iur
1023 3949 1201 4014 Verrinum
1232 3971 1482 4015 commemorem
1492 3949 1527 4036 8).
1567 3947 1664 4037 ,Ιιιθιι

383 4050 508 4117 scilicet
523 4053 620 4118 etiam
635 4053 810 4120 intinctum
826 4056 992 4144 (ἔμβαμμα)
1008 4055 1178 4142 significat.
1201 4055 1295 4122 Verr.
1311 4055 1338 4142 I,
1360 4057 1414 4143 46,
1437 4057 1513 4122 12οτ
1528 4077 1666 4144 quorum

491 4283 512 4350 ¹)
530 4285 620 4336 Etiam
644 4286 776 4356 Catullus,
800 4287 912 4354 proinde
936 4293 1017 4354 atque
1041 4287 1143 4354 Cicero,
1167 4288 1236 4340 haec
1259 4288 1311 4340 duo
1335 4288 1466 4354 capitalis
1490 4287 1558 4341 ritis
1576 4289 1668 4340 Pisoni

382 4373 540 4438 exprobrat:
560 4374 718 4426 immensam
735 4376 874 4428 libidinem
893 4381 920 4428 et
938 4377 1072 4428 sordidam
1091 4377 1241 4428 avaritiam:
1261 4378 1296 4430 ef.
1315 4393 1397 4430 cerm.
1416 4376 1452 4431 28
1470 4383 1497 4428 et
1514 4375 1558 4430 47.

492 4459 512 4526 ¹)
531 4463 618 4514 cauda
630 4464 738 4515 verrine
755 4469 796 4516 set
809 4465 1022 4518 additamentum
1040 4467 1075 4518 ed
1086 4482 1183 4518 nomen
1203 4467 1343 4531 ,Verree“,
1361 4466 1431 4532 quod
1449 4467 1478 4518 in
1492 4467 1665 4531 ,Venutius“

384 4557 518 4602 muretum
537 4559 585 4604 est.

493 4637 692 4707 ¹)Priuequsm
721 4641 793 4694 hanc
820 4643 853 4693 de
881 4643 1044 4696 animalibus
1071 4644 1234 4709 particulam
1261 4643 1408 4710 absolvero,
1440 4645 1667 4710 comparationem

384 4744 475 4794 unam,
500 4745 581 4794 qnam
599 4729 692 4782 Cicero
711 4731 778 4782 satir
803 4737 866 4796 apte
884 4732 1022 4797 explicuit,
1041 4731 1160 4784 afferam.
1190 4733 1281 4786 Vatin.
1300 4731 1325 4798 2,
1350 4731 1454 4785 dhreo
1472 4733 1600 4800 legimur:
1626 4749 1671 4786 re-
1699 4766 1703 4775 .

384 4823 464 4884 pente
483 4819 555 4868 enim
573 4823 608 4883 te,
634 4825 771 4885 tamqnam
790 4835 898 4885 serpens
917 4835 932 4870 e
951 4819 1081 4886 latibulis,
1103 4819 1187 4872 oeulis
1206 4821 1393 4887 eminentibus,
1417 4822 1510 4874 inflato
1529 4821 1606 4887 colle,
1625 4828 1668 4872 tu·
